5046 6802
1003 552 1008 564 ι
1062 601 1233 666 XXXIX,

147 802 255 850 autem
278 793 441 852 admiscuit
464 810 544 870 quae
567 794 677 852 iisdem
698 794 796 852 verbis
816 795 899 870 apud
917 793 1039 852 Sextum
1062 812 1125 850 000
1176 791 1249 850 Cin
1271 800 1334 850 tam
1356 793 1465 868 exigua
1489 791 1667 850 collectione
1696 792 1734 850 23
1757 793 1979 852 sententiarum
2003 793 2146 852 Clitarchi

148 895 298 968 leguntur,
320 896 430 952 sedeat
449 912 512 952 non
528 895 627 952 aliena
647 911 716 952 esse
740 911 844 952 verum
870 896 910 952 ad
935 895 1028 971 ipsius
1041 893 1124 952 Sexti
1175 900 1220 949 tot
1235 909 1331 950 novas
1347 893 1472 968 praebet
1487 887 1526 965 (C
1542 895 1569 950 5.
1589 888 1724 968 18-23)
1748 894 1854 968 eisque
1876 903 1997 969 praeter
2013 893 2037 951 C
2053 897 2071 955 5
2096 913 2142 954 ce·

151 993 293 1068 exempla
316 993 444 1052 formata
461 995 518 1052 loci
542 995 657 1052 docent
671 995 781 1070 quibus
797 996 934 1071 singulae
954 997 1125 1054 sententiae
1174 1002 1254 1050 teras
1278 995 1446 1060 continuat,
1479 1011 1553 1050 sane
1576 993 1707 1050 maxime
1730 994 1836 1052 mirum
1858 1005 1917 1062 est;
1950 995 2145 1073 0110111030-

149 1103 317 1170 ponuntur,
346 1096 429 1152 velut
456 1114 479 1154 S.
503 1098 541 1155 65
566 1095 625 1155 eid.
657 1114 724 1153 cum
752 1097 835 1156 Sext.
858 1115 926 1172 app.
947 1097 1124 1164 tar—484,
1174 1095 1242 1152 ricis
1264 1112 1386 1171 prorsus
1408 1096 1506 1154 aliena
1531 1113 1592 1152 000
1615 1104 1695 1162 sunt,
1719 1112 1790 1151 num
1805 1095 1907 1152 omnia
1924 1094 2067 1154 Clitarchi
2083 1099 2144 1156 sint

150 1213 174 1254 s.
193 1197 383 1256 6010001.
407 1217 476 1254 curn
499 1215 566 1273 app.
591 1199 661 1274 508.
685 1199 745 1258 509
769 1199 807 1256 al.
877 1244 880 1256 .
1020 1213 1023 1218 ·
1065 1232 1071 1260 t
1174 1191 1900 1271 (01000143.13010000000000100,
1946 1198 2067 1254 interim
2089 1218 2144 1258 eas

194 1299 266 1354 iude
289 1317 314 1356 a.
339 1316 361 1356 e.
387 1301 424 1356 70
446 1317 464 1354 a
487 1299 580 1356 Sexto
609 1280 707 1372 magis
731 1300 890 1376 magisque
914 1301 1060 1358 recedere
1084 1302 1125 1357 vi·
1149 1285 1153 1292 ¹
1174 1284 1309 1354 in'calce
1333 1297 1499 1355 collocatas
1521 1298 1664 1356 invenies.

153 1399 255 1466 detur,
277 1416 347 1454 nam
372 1399 402 1455 in
416 1401 456 1455 00
479 1399 542 1456 sere
562 1397 641 1474 quae
664 1408 780 1456 restant
803 1400 916 1476 eclogis
939 1401 1025 1458 rarae
1049 1418 1124 1458 nan·
1217 1397 1335 1472 longior
1355 1398 1396 1455 iui
1420 1399 1450 1454 in
1474 1397 1616 1456 Clitarchi
1639 1397 1756 1473 sylloga
1779 1396 1994 1474 describenda,
2019 1381 2076 1457 sed
2099 1421 2144 1458 re·
2167 1469 2177 1486 ἢ

151 1511 200 1556 tes
223 1499 453 1574 conspiciuntur
473 1500 558 1557 Sexti
580 1501 763 1568 sententiae,
786 1502 844 1558 sed
865 1501 942 1558 ordo
964 1500 1048 1558 Sexti
1071 1521 1124 1560 an·
1174 1499 1309 1555 stitutam
1338 1499 1431 1554 edere
1460 1498 1551 1554 malui
1579 1515 1669 1571 quam
1699 1508 1731 1556 ut
1753 1500 1941 1557 solent'una
1966 1486 2146 1560 recensione

152 1599 254 1673 tiquus
278 1601 317 1658 ab
341 1602 481 1658 omnibus
506 1601 567 1658 sere
591 1611 745 1666 servatum
772 1602 802 1658 in
830 1601 866 1657 iis
894 1619 1017 1677 quoque
1046 1621 1124 1676 cquae
1173 1599 1329 1673 proposita
1353 1599 1514 1685 ceterisin
1538 1609 1689 1673 apparatu¹
1711 1601 1890 1675 constipatis
1913 1601 2059 1658 lectorem
2082 1601 2147 1658 clu·

151 1701 302 1758 intersunt
321 1701 404 1758 Sexti
421 1703 528 1758 ordine
551 1704 663 1758 ductus
684 1719 787 1758 rursus
811 1703 905 1759 multa
924 1703 1059 1758 invenias
1083 1704 1124 1758 ad
1174 1701 1259 1773 dere,
1281 1700 1397 1756 restitui
1423 1709 1525 1757 autem
1549 1717 1610 1764 non
1633 1702 1733 1774 potuit
1755 1702 1812 1758 nisi
1835 1701 1929 1758 Sexto
1951 1705 1981 1760 10
2000 1702 2145 1762 auxilium

152 1801 243 1858 verba
276 1812 329 1860 aut
361 1812 497 1860 mentem
525 1802 607 1860 Sexti
638 1802 840 1863 conionuata.
885 1813 988 1860 cetera
1020 1813 1123 1860 autem
1174 1799 2030 1876 0000100180011001110(3111οῐ000010000001010οξ
2069 1821 2146 1878 quo·

155 1904 238 1958 unde
271 1921 340 1959 eum
374 1905 539 1978 sumpsisse
573 1899 769 1978 putabimus?
813 1903 837 1959 si
871 1920 993 1980 prorsus
1023 1904 1124 1962 aliena
1173 1902 1266 1958 modo
1290 1901 1320 1956 in
1342 1901 1466 1974 singulis
1490 1901 1606 1976 eclogis
1630 1902 1832 1978 disponendis
1848 1913 1984 1962 versatus
2007 1905 2063 1962 siin
2087 1906 2146 1963 iam

151 2011 263 2070 essent,
286 2019 334 2058 rne
358 2004 483 2080 quidem
505 1995 607 2062 iudice
624 2013 685 2061 tam
700 2023 798 2080 pauca
815 2005 959 2062 Sextiana
981 2004 1038 2060 illis
1061 2023 1123 2062 non
1173 2019 1314 2060 enarrare
1340 2003 1424 2078 piget
1450 2020 1488 2060 ue
1510 2019 1588 2077 opus
1613 2004 1706 2060 taedii
1729 2004 1852 2078 plenum
1882 2015 2027 2080 repetam,
2065 2023 2145 2080 cquae

152 2105 383 2178 conspersisset.
428 2107 550 2162 accedit
568 2107 652 2179 quod
674 2123 773 2163 novae
790 2107 962 2164 sententiae
985 2109 1123 2166 eiusdem
1173 2103 1214 2158 ad
1237 2121 1299 2159 rem
1324 2102 1423 2160 iacere
1448 2103 1629 2162 videbantur
1656 2105 1685 2161 in
1714 2106 1915 2162 adnotatione
1942 2107 2044 2164 critica
2066 2108 2144 2164 indi-

148 2206 270 2278 generis
292 2216 361 2262 sunt
383 2215 476 2280 atque
499 2223 555 2262 eae
580 2223 659 2280 quae
682 2205 711 2262 in
728 2207 827 2280 appl
852 2205 994 2280 leguntur
1016 2227 1123 2266 secun·
1173 2203 1246 2262 cavi.
1280 2212 1373 2278 atque
1397 2223 1463 2263 rara
1488 2205 1608 2262 fortuna
1631 2207 1762 2279 contigit
1786 2216 1819 2261 ut
1843 2206 1872 2262 in
1898 2204 2144 2276 ClitarchoSexti

150 2306 224 2362 dum
248 2307 348 2380 capita
370 2309 523 2380 quaedam
547 2307 723 2382 dispositae.
768 2305 846 2364 ua'm
860 2326 885 2364 e.
902 2313 930 2382 g.
956 2308 982 2367 s.'
997 2311 1120 2370 88-92
1173 2306 1311 2362 codicem
1332 2323 1392 2362 non
1415 2289 1513 2363 solum
1536 2287 1684 2380 optimum
1708 2303 1793 2382 (nam
1816 2317 1863 2364 est
1887 2308 1937 2363 uhi
1961 2325 2039 2370 unus
2062 2318 2146 2366 recta

149 2416 220 2464 sunt
242 2408 412 2464 sententiae
434 2403 506 2480 περὶ
526 2403 639 2481 φιλίας
660 2425 721 2483 qua
742 2407 781 2463 de
804 2425 835 2463 re
857 2426 956 2484 neque
979 2411 1008 2467 in
1031 2411 1122 2468 Sexto
1173 2409 1335 2464 servaverit
1359 2409 1395 2469 ci.
1418 2427 1441 2465 s.
1463 2409 1507 2466 16.
1525 2411 1575 2466 30.
1593 2409 1641 2466 38.
1660 2403 1712 2479 aa)
1736 2419 1767 2464 et
1790 2409 2067 2484 locupletissimum,
2089 2409 2145 2468 sed

148 2524 251 2582 neque
273 2508 304 2564 in
326 2509 499 2583 appendice
525 2485 1123 2578 001001100000010110100000100
1173 2509 1313 2596 ordinem
1335 2527 1458 2584 quoque
1483 2487 1665 2582 investigare
1699 2511 1803 2566 liceret
1831 2528 1891 2566 0οο
1920 2509 2073 2568 turbatum
2098 2511 2146 2588 (ut

147 2625 215 2682 sqq.
240 2619 311 2665 sunt
338 2605 412 2681 περὶ
434 2603 549 2683 ἰσχύος
572 2611 677 2684 ψυχῆς
709 2610 745 2668 al.
772 2627 874 2686 noque
903 2613 1014 2669 desunt
1043 2632 1122 2690 quae

149 2711 235 2767 utin
258 2728 328 2785 app.
353 2711 363 2764 l
388 2709 449 2766 fieri
477 2711 612 2768 videmus
642 2727 709 2768 cum
737 2709 929 2786 Pythagorae
961 2714 1121 2769 sententiis

150 2819 329 2886 congruant.
374 2812 415 2866 ita
437 2811 525 2885 igitur
554 2813 655 2886 potius
689 2813 889 2869 statuendum
912 2814 1041 2888 videtur,
1063 2813 1122 2872 Oli-

147 2910 286 2968 tarchum
302 2911 445 2970 habuisse
467 2913 590 2988 quidem
605 2912 686 2970 Sexti
703 2913 809 2969 librum
825 2931 892 2970 cum
909 2914 1081 2988 appendice
1098 2914 1121 2986 l,

147 3013 206 3070 sed
240 3031 277 3068 ea
312 3014 405 3070 multo
440 3015 584 3088 ampliore
622 3031 712 3088 quam
748 3015 777 3072 10
816 3017 927 3072 nostris
964 3016 1121 3074 codicibus

151 3113 253 3170 PVXx
286 3115 441 3189 reperitur,
472 3131 572 3188 neque
606 3123 638 3170 ut
666 3131 761 3172 noras
783 3115 924 3172 Clitarchi
952 3116 1121 3172 sententias

147 3217 357 3273 secernendus
382 3217 436 3272 sod
466 3233 534 3272 cum
558 3215 642 3272 Sexti
671 3233 739 3290 app.
763 3215 774 3272 Ι
809 3217 1012 3275 conserendas
1042 3234 1119 3276 esse.

147 3317 266 3392 singula
295 3318 379 3374 unde
407 3301 603 3391 prouenerint
638 3335 720 3372 nuuc
748 3335 810 3373 non
839 3335 1013 3392 persequor,
1049 3336 1120 3374 narn

147 3419 189 3474 ad
211 3435 274 3474 rem
298 3403 518 3492 profligandam
542 3418 601 3474 alia
623 3419 759 3475 subsidia
774 3421 983 3493 comparanda
1003 3428 1033 3474 et
1057 3437 1119 3475 om·

146 3537 202 3576 nes
231 3518 417 3594 appendices
450 3528 590 3576 accurate
615 3520 839 3578 examinandae
871 3529 948 3578 suut.
989 3521 1044 3578 sed
1073 3518 1118 3576 his

147 3619 378 3692 quaestionibus
400 3620 561 3694 indulgere
581 3621 639 3678 iam
663 3621 793 3694 spatium
817 3629 910 3677 vetat.

153 3701 157 3709 ¹
190 3703 287 3776 restat
310 3730 342 3776 ut
362 3722 403 3778 de
420 3722 530 3778 ultimis
543 3721 685 3780 Clitarchi
708 3720 818 3796 eclogis
841 3721 1011 3787 videamus,
1032 3720 1118 3777 simul

149 3831 182 3876 ut
203 3837 430 3894 cognoscamus
455 3839 527 3878 num
558 3832 678 3895 praeter
705 3839 773 3896 app.
798 3821 810 3878 l
834 3821 926 3879 etiam
949 3839 1019 3896 app.
1038 3821 1066 3877 Il
1089 3829 1143 3877 et·v

145 3921 189 3978 lll
210 3922 240 4000 ip
263 3922 345 3978 Sexti
365 3923 474 3979 codice
499 3940 559 3999 quo
578 3941 650 3979 usus
674 3935 718 3979 cst
742 3922 896 3979 inuenerit.
941 3939 1010 3978 nam
1034 3930 1118 3996 post·

149 4040 240 4096 quam
254 4022 337 4078 Sexti
353 4025 521 4080 sententias
544 4016 640 4098 usque
662 4025 702 4080 ad
726 4041 747 4079 s.
764 4025 824 4082 400
848 4025 890 4080 ita
912 4024 1064 4099 excerpsit
1087 4034 1120 4079 ut

148 4135 256 4181 contra
279 4125 417 4181 ordinem
445 4143 484 4182 ne
512 4127 606 4182 semel
634 4125 759 4199 quidem
787 4135 945 4200 peecatum
970 4125 1119 4194 videatur,

146 4233 283 4282 extrema
313 4234 398 4300 parte
428 4225 593 4282 afferuntur
614 4227 697 4282 Sexti
720 4245 742 4284 S.
767 4227 836 4284 325.
860 4227 929 4284 319.
953 4224 1023 4284 424.
1048 4225 1118 4284 574.

145 4327 197 4384 53.
242 4335 334 4402 atque
367 4328 451 4401 quod
481 4345 504 4382 s.
528 4329 567 4386 53
597 4328 732 4384 omnium
767 4344 877 4400 agmen
910 4325 1023 4382 claudit
1057 4343 1118 4381 000

144 4427 326 4496 mirabimur,
359 4429 415 4484 sed
445 4429 600 4486 antecedit
628 4448 652 4488 a.
674 4431 734 4488 574
763 4446 800 4484 ex
828 4446 897 4504 app.
921 4427 948 4484 11
980 4437 1117 4502 sumpta;

146 4545 237 4602 quam
260 4529 285 4584 si
308 4540 377 4602 post
400 4547 469 4604 app.
492 4530 506 4586 l
528 4531 711 4605 repperisset
734 4540 767 4588 ut
794 4539 842 4585 est
869 4530 898 4586 in
922 4528 988 4593 VX,
1023 4529 1116 4585 credo

145 4629 207 4689 iam
229 4646 319 4704 supra
343 4631 384 4686 ad
406 4648 429 4689 s,
443 4631 482 4689 86
500 4631 719 4704 adscripsisset.
751 4632 854 4704 itaque
870 4647 933 4686 000
949 4640 1010 4686 tarn
1026 4629 1117 4703 longe

144 4749 164 4786 a
185 4747 209 4788 s.
233 4731 295 4788 tat
318 4729 430 4786 afuisse
454 4732 582 4800 videtur,
614 4742 648 4788 ut
669 4743 734 4786 ‘una
757 4733 816 4788 huc
839 4731 1026 4788 devenerint.
1064 4731 1118 4788 de·

146 4832 221 4887 inde
243 4849 281 4886 ex
305 4848 374 4905 app.
399 4829 440 4886 lil
462 4833 551 4889 adest
574 4849 596 4891 s.
625 4833 807 4891 12=Sext
833 4833 893 4890 600
920 4829 973 4903 lei.
997 4826 1117 4904 adnot.)

145 4947 235 5006 quam
266 4932 325 4989 iam
359 4933 459 5006 primis
489 4933 604 5006 eclogis
639 4933 772 4992 inseruit.
816 4919 998 5007 paucissima
1028 4932 1117 5005 igitur

146 5041 274 5090 suntet
300 5033 505 5107 suspicionem
536 5027 671 5104 movent,
704 5052 741 5090 ex
773 5051 842 5108 app.
866 5031 902 5091 ll.
924 5031 964 5089 lli
991 5050 1115 5108 parvum

145 5142 264 5194 tantum
296 5134 449 5216 delectum
481 5135 625 5194 habuisse
655 5135 794 5194 codicem
818 5131 970 5211 Clitarchi,
1004 5134 1116 5190 eadem

145 5243 248 5292 autem
270 5234 300 5292 in
318 5233 340 5290 P
363 5235 393 5292 in
416 5237 570 5310 epitomen
591 5246 699 5296 coacta
720 5247 791 5320 sunt
812 5253 914 5312 neque
936 5245 1006 5310 post
1021 5235 1115 5310 appi

144 5336 204 5396 sed
226 5344 297 5409 post
319 5339 479 5396 s.·1-·451
497 5338 694 5398 collocantur.
726 5353 799 5411 ergo
819 5337 889 5394 huic
912 5346 945 5394 ut
967 5353 1116 5393 summam

142 5435 254 5494 faciam
284 5437 410 5494 similior
436 5438 590 5496 exstitisse
624 5439 741 5498 videtur
771 5439 871 5496 codex
894 5435 1059 5506 Clitarchi,
1085 5438 1115 5494 10

139 5537 237 5612 appi
262 5547 363 5598 tatnen
386 5539 526 5595 omnibus
550 5539 643 5613 longe
663 5527 792 5598 uberior.
811 5571 846 5580 -
871 5539 1007 5615 denique
1030 5539 1114 5612 quod

1173 2610 1266 2666 turbis
1288 2619 1386 2668 scatet
1411 2603 1462 2684 P);
1487 2611 1515 2666 in
1540 2628 1562 2670 s,
1585 2612 1623 2668 85
1637 2631 1675 2657 =
1689 2613 1772 2667 Sext.
1788 2603 1844 2668 75¹²
1867 2620 1970 2668 autern
1993 2631 2055 2669 non
2078 2613 2151 2688 ipse*

1173 2711 1309 2788 descivit,
1342 2713 1399 2768 sed
1427 2711 1497 2767 iacit
1519 2727 1586 2766 cum
1609 2729 1637 2768 x.
1669 2712 1698 2766 in
1723 2712 1820 2768 verbis
1844 2713 1942 2768 minus
1965 2715 2087 2770 anxium
2110 2733 2144 2772 se

1172 2811 1331 2885 praestitit.
1375 2830 1445 2868 narn
1475 2828 1580 2884 saepe·
1600 2811 1689 2868 verba
1714 2813 1854 2876 detraxit,
1884 2815 2019 2887 mutavit,
2048 2825 2151 2873 trans·-

1171 2913 1285 2987 posuit,
1309 2929 1407 2968 novas
1430 2911 1597 2968 sententias
1620 2929 1657 2967 ex
1680 2911 1762 2968 Sexti
1786 2913 1883 2970 verbis
1906 2917 2057 2988 produxit,
2085 2918 2144 2974 alia

1173 3013 1262 3070 aliter
1284 3015 1466 3088 composuit,
1497 3022 1567 3070 sunt
1589 3030 1668 3086 quae
1691 3023 1774 3071 recte
1799 3015 1983 3072 emendasse
2006 3017 2145 3076 videatur

1172 3111 1224 3186 (ci.
1248 3133 1320 3188 eg.
1345 3117 1382 3174 35
1403 3111 1499 3190 sqq),
1521 3130 1600 3189 quae
1622 3131 1661 3170 ne
1684 3115 1778 3172 Sexto
1800 3115 1974 3184 inieramus,
1997 3119 2143 3177 memine-

1172 3215 1264 3271 rimus
1286 3225 1408 3290 oportet
1427 3217 1537 3274 eodem
1562 3217 1625 3272 sive
1648 3215 1771 3272 arbitrio
1795 3217 1857 3274 sive
1879 3216 2005 3273 artificio
2029 3235 2088 3292 quo
2112 3221 2143 3277 in

1172 3315 1265 3372 Sexto
1288 3314 1466 3392 Clitarchus,
1494 3317 1524 3372 in
1548 3314 1702 3372 Clitarcho
1726 3334 1824 3374 rursus
1847 3335 1935 3374 usum
1959 3335 2027 3375 esse
2050 3319 2083 3389 C,
2111 3321 2143 3378 10

1173 3414 1197 3471 C
1217 3415 1381 3473 Maximum
1406 3427 1463 3475 etc.
1504 3427 1638 3474 ceterum
1663 3428 1785 3491 praeter
1807 3417 1933 3491 Sextum
1950 3417 2142 3495 Pythagorae

1172 3535 1296 3592 quoque
1327 3519 1496 3576 sententias
1524 3527 1577 3574 aut
1594 3517 1765 3594 Porphyrio
1793 3519 1901 3576 similia
1929 3521 2080 3578 consuluit
2109 3531 2144 3578 ut

1171 3635 1252 3676 nova
1275 3619 1393 3676 afferret
1414 3627 1467 3676 aut
1489 3620 1589 3676 verbis
1605 3621 1740 3694 speciem
1758 3621 1914 3695 quandum
1937 3621 2006 3677 novi
2029 3622 2141 3698 ingenii

1170 3721 1312 3778 indueret
1348 3716 1397 3794 (ci.
1427 3717 1467 3778 ad
1494 3722 1590 3780 sii.
1615 3724 1664 3780 50.
1687 3723 1737 3780 63.
1761 3713 1844 3794 8015.
1869 3723 1935 3779 102.
1963 3725 2030 3781 114.
2057 3723 2141 3780 1201.

1176 3815 1255 3895 131).
1285 3822 1340 3877 sed
1363 3823 1403 3878 de
1427 3822 1471 3878 his
1495 3823 1585 3878 rebus
1602 3839 1669 3878 curn
1692 3821 1757 3878 aliis
1780 3821 1901 3879 uberius
1917 3824 2071 3896 agendum
2087 3827 2143 3882 erit

1171 3922 1201 3977 10
1223 3923 1448 3995 prolegomenis
1472 3921 1633 3982 Sextianis.

1213 4025 1253 4078 de
1276 4023 1412 4081 editione
1435 4041 1503 4080 mea
1526 4041 1625 4098 pauca
1647 4023 1747 4079 habeo
1772 4041 1851 4097 quae
1875 4025 1998 4084 addam.
2035 4027 2141 4102 singu·

1171 4126 1267 4181 lorum
1292 4127 1432 4182 codicum
1456 4124 1580 4200 eclogas
1604 4143 1666 4182 000
1689 4125 1857 4192 numeravi,
1887 4142 1925 4180 ne
1947 4144 2141 4186 numerorum

1170 4227 1248 4283 mole
1270 4227 1478 4300 obrueremur3
1501 4238 1533 4283 ut
1555 4245 1616 4283 uno
1639 4227 1748 4282 obtutu
1766 4226 2075 4300 comprehenderetur
2092 4232 2140 4286 cui

1170 4327 1270 4384 codici
1293 4345 1494 4403 unaquaeque
1517 4328 1670 4385 sententia
1692 4326 1864 4396 deberetur,
1889 4326 1975 4383 simul
1992 4337 2025 4384 ut
2040 4331 2139 4403 spatio

1169 4446 1333 4503 parcerem,
1357 4431 1481 4486 codices
1496 4429 1538 4486 ita
1554 4429 1690 4486 indicare
1706 4436 1834 4484 conatus
1851 4445 1917 4486 sum
1939 4439 1970 4483 ut
1994 4439 2140 4502 punctum

1169 4523 1207 4604 (.)
1230 4529 1320 4602 priori
1341 4545 1469 4586 numero
1492 4529 1665 4604 appositum
1688 4530 1827 4586 codicem
1849 4527 1872 4584 L
1896 4529 2053 4603 significet,
2084 4533 2140 4588 vir·

1168 4630 1239 4704 gula
1261 4625 1298 4705 (,)
1322 4628 1348 4705 J,
1385 4631 1475 4704 signa
1501 4629 1666 4686 coniuncta
1696 4623 1732 4706 (;)
1761 4627 1812 4704 LJ,
1849 4630 1945 4685 altera
1975 4631 2089 4705 virgula
2111 4633 2139 4690 Τ

1168 4723 1335 4808 („=JT).
1373 4731 1402 4785 in
1430 4727 1454 4786 C
1480 4738 1604 4804 propter
1635 4731 1774 4788 ordinem
1803 4731 1958 4788 diversum
1984 4731 2046 4788 lieri
2078 4749 2139 4792 000

1168 4841 1296 4906 poterat,
1333 4848 1427 4906 quare
1455 4829 1542 4887 huius
1568 4830 1757 4888 collectionis
1787 4843 1986 4906 conspectum
2013 4835 2139 4895 subieci.

1168 4915 1334 4989 Maximum
1357 4942 1388 4987 at
1411 4931 1520 4988 similia
1542 4949 1612 4988 rnox
1637 4950 1696 4988 una
1721 4949 1788 5010 cum
1806 4933 1839 4992 C.
1858 4933 1923 4992 Par.
1947 4934 2070 4991 edenda
2093 4955 2137 4994 re·

1167 5033 1264 5107 posui.
1298 5033 1327 5089 in
1351 5033 1551 5090 adnotatione
1572 5033 1653 5090 Sexti
1671 5033 1760 5090 verba
1777 5033 1925 5107 adscripsi
1940 5033 1987 5108 (ut
2002 5016 2032 5092 10
2045 5037 2137 5096 Sexto

1168 5127 1335 5211 Clitarchi),
1364 5135 1446 5191 Sexti
1472 5136 1614 5193 codicum
1644 5136 1740 5194 varias
1768 5134 1914 5192 lectiones
1941 5139 2070 5198 selectas
2093 5149 2138 5196 at·

1168 5233 1231 5302 tuli,
1254 5245 1288 5291 ut
1309 5252 1390 5309 quae
1407 5235 1779 5304 ratiojnterClitarchum
1791 5217 1826 5292 et
1840 5234 1965 5294 Sextum
1981 5247 2013 5294 et
2029 5241 2140 5297 utrius·

1167 5353 1227 5410 que
1250 5337 1374 5394 codices
1396 5337 1600 5394 intercederet
1623 5347 1821 5410 compareret.
1855 5338 1936 5394 idem
1961 5338 2017 5394 ieci
2042 5340 2070 5396 in
2084 5339 2136 5414 Py·

1153 5438 1313 5514 thagorae
1341 5449 1374 5495 et
1398 5437 1552 5514 Porphyrii
1574 5439 1682 5516 verbis,
1717 5439 1774 5496 nisi
1802 5441 1852 5496 uhi
1875 5439 2045 5498 Clitarchus
2069 5457 2137 5521 curu

1167 5538 1373 5619 Sexto‘plane
1396 5541 1592 5614 congruebat.
1651 5609 1653 5612 Ι

1074 5653 1163 5660 -ω-
1173 5653 1201 5659 --
1207 5653 1268 5660 -—-
1279 5653 1288 5660 ο
