5046 6802
354 823 444 879 nege.
490 823 590 880 neque
626 805 770 862 similibus
805 805 876 862 locis
911 808 1127 881 undecumque
1158 816 1190 863 ut
1223 807 1321 864 solent

354 909 482 964 corrasis
506 907 589 963 abuti
612 905 692 962 volui
713 905 867 964 inutilibus
890 907 945 962 nisi
969 905 1083 964 faciunt
1107 909 1148 964 ad
1172 907 1323 982 quaestio·

354 1025 424 1064 nem
441 1009 480 1064 de
496 1007 760 1082 gnomologiomnr
777 1008 893 1080 origine
917 1017 947 1063 et
969 1008 1193 1082 propagatione
1217 1023 1326 1082 prove·

355 1107 498 1164 hendam.
533 1109 589 1163 alia
612 1105 722 1164 auxilia
745 1109 955 1182 exspectanda
979 1117 1097 1164 suntet
1120 1117 1222 1165 cetera
1238 1118 1325 1182 quot·

355 1221 430 1284 quot
453 1217 575 1266 exstant
598 1209 795 1282 gnomologia
818 1226 879 1282 quo
903 1211 994 1265 decet
1015 1210 1109 1265 modo
1134 1209 1327 1266 recensenda

316 1389 317 1392 Ἴ
355 1318 385 1364 et
410 1310 631 1382 pertractanda,
666 1319 832 1382 antequam
857 1310 975 1366 illorum
1003 1309 1157 1366 historiam
1187 1325 1325 1382 perscru-

355 1411 411 1466 tari
439 1411 614 1484 poterimus
656 1411 698 1467 ita
731 1413 770 1468 de
801 1411 943 1486 Epicteto
972 1412 1071 1467 omnis
1099 1411 1201 1485 opinio
1233 1410 1328 1467 dubia

354 1511 501 1577 haerebit,
532 1512 604 1568 dum
628 1514 667 1568 de
691 1512 887 1586 Pythagorae
916 1512 1039 1576 (diversi
1062 1512 1138 1568 illius
1162 1513 1286 1585 quidem
1310 1530 1327 1567 a

356 1613 439 1668 Sexti
463 1611 593 1669 familiae
619 1611 842 1688 Pythagoricis)
866 1621 897 1668 et
919 1611 1056 1686 Hypsaei
1081 1612 1240 1668 sententiis
1263 1631 1327 1670 cer-

353 1714 447 1770 tiores
459 1715 566 1769 liamus
580 1722 610 1770 et
627 1715 732 1789 quales
747 1715 869 1782 luerint,
883 1715 966 1770 uude
982 1715 1120 1770 venerint
1137 1714 1326 1788 exploratum

353 1814 530 1882 habeamus,
553 1833 627 1888 quas
643 1832 704 1871 non
722 1817 760 1872 ab
779 1816 845 1890 ipso
863 1816 998 1872 Stobaeo
1015 1815 1171 1889 appositas
1192 1815 1246 1870 sed
1268 1815 1327 1870 iam

352 1917 382 1972 in
406 1916 576 1989 antiquiore
593 1916 737 1972 thesauro
753 1917 845 1973 lectas
870 1915 963 1972 luisse
988 1933 1081 1988 supra
1105 1914 1324 1972 demonstravi·

352 2033 429 2082 muS,
460 2017 544 2091 plura
567 2027 669 2072 autem
697 2018 736 2074 de
758 2017 804 2074 his
829 2017 1005 2074 etiamnunc
1029 2017 1095 2074 sciri
1118 2033 1210 2090 posse
1234 2033 1326 2090 spon·

354 2119 423 2175 deo,
456 2119 574 2174 iuterim
599 2135 665 2172 curn
687 2115 767 2173 hanc
783 2119 820 2174 de
845 2129 949 2174 nostro
970 2128 1095 2174 auctore
1114 2119 1326 2191 quaestionem

355 2220 394 2276 ad
418 2218 507 2274 furem
532 2221 713 2294 perductam
734 2237 795 2274 non
819 2218 963 2276 haberem
993 2229 1023 2276 et
1054 2231 1086 2275 ut
1109 2220 1327 2294 perduceretur

355 2320 442 2375 altius
466 2321 668 2394 repetendum
693 2329 776 2375 esset
799 2338 889 2393 quam
911 2337 991 2376 nuuc
1008 2321 1070 2376 fieri
1091 2329 1205 2394 potest,
1229 2320 1326 2392 suspi-

355 2420 490 2476 cionibus
515 2422 555 2476 de
575 2438 707 2494 persona
736 2421 832 2494 patria
859 2429 960 2477 aetate
990 2421 1150 2494 disciplina
1174 2421 1326 2477 abstinere

355 2522 454 2580 malui.
486 2523 541 2577 sed
565 2539 631 2578 cum
648 2523 845 2595 gnomologio
869 2523 1060 2578 restituendo
1083 2539 1208 2596 operam
1233 2521 1327 2577 ‹lede-

354 2623 446 2678 rimus
475 2633 505 2680 et
532 2624 614 2697 ipsas
645 2624 813 2679 sententias
842 2623 917 2678 inlra
945 2624 1126 2696 proposituri
1156 2623 1257 2686 simus
1296 2623 1326 2677 id

353 2724 532 2780 addendum
557 2724 676 2780 videtur
697 2733 732 2779 ut
755 2724 914 2780 verborum
937 2733 1089 2780 structura
1120 2733 1152 2779 et
1175 2724 1326 2796 composi-

354 2825 437 2881 tione
463 2825 636 2881 examinata
659 2824 808 2897 peculiare
825 2825 979 2899 scriptoris
996 2825 1150 2898 ingenium
1167 2833 1257 2898 atque
1280 2825 1325 2878 in-

355 2926 441 2982 doles
465 2927 571 3000 paucis
594 2925 828 2982 demonstretur.

395 3027 571 3101 Epictetum
595 3027 619 3082 si
643 3043 712 3082 cum
735 3026 828 3082 Sexto
855 3024 1102 3100 Pythagoricisve
1130 3043 1326 3098 comparave-

353 3129 400 3204 ris,
425 3137 455 3182 et
478 3145 569 3200 quam
593 3127 684 3199 longe
705 3127 821 3184 distent
844 3127 945 3184 statim
968 3127 1101 3183 elucebit
1120 3137 1149 3184 et
1172 3127 1250 3182 illius
1273 3145 1327 3183 na·

354 3237 452 3284 turam
476 3228 582 3285 clarius
604 3229 778 3302 perspicies.
814 3238 919 3285 noster
939 3228 1038 3284 verbis
1068 3229 1205 3284 abundat
1228 3245 1327 3302 neque

353 3346 488 3402 unquam
513 3329 608 3386 verbis
625 3338 787 3385 contentus
812 3331 1033 3386 sententiarum
1056 3331 1244 3386 ieiunitatem
1262 3346 1327 3384 ver-

354 3432 460 3488 borum
492 3431 600 3486 tinnitu
633 3449 786 3506 superare,
817 3431 975 3488 stultitiam
1003 3440 1034 3486 et
1057 3431 1204 3504 ineptiam
1228 3428 1327 3484 celare

354 3533 474 3598 studet;
514 3531 622 3587 Sextus
655 3533 684 3586 iu
716 3532 812 3588 verbis
841 3532 929 3604 longe
960 3533 1088 3606 parcior,
1118 3549 1180 3586 uon
1210 3547 1329 3604 semper

354 3634 530 3708 perspicuus
555 3642 607 3689 aut
629 3633 777 3706 probatae
800 3633 980 3706 sapientiae,
1012 3641 1042 3688 at
1066 3631 1184 3688 sobrius
1208 3641 1238 3687 et
1263 3647 1327 3686 mo·

355 3735 480 3791 destior.
514 3745 546 3790 ut
569 3735 599 3789 in
627 3733 725 3790 verbis
750 3735 895 3806 turgidus,
920 3735 962 3790 ita
985 3735 1014 3789 in
1038 3735 1127 3790 rebus
1151 3734 1197 3789 ille
1215 3731 1327 3804 ‚vulga-

355 3834 397 3890 ria
419 3835 533 3909 profert
555 3844 587 3890 et
602 3835 644 3890 ad
664 3833 830 3891 humillima
845 3836 1002 3903 delabitur,
1019 3835 1128 3891 Sextus
1149 3835 1195 3890 cui
1219 3827 1327 3906 σοφὸς

353 3929 435 4008 ἀνὴρ
463 3945 495 3991 et
522 3931 638 4008 πιστὸς
672 3935 817 3992 continuo
848 3937 878 3992 in
906 3953 958 3992 ore
985 3946 1031 3992 est
1062 3929 1161 4012 (apud
1190 3943 1327 3990 nostrum

353 4055 391 4093 ue
413 4037 506 4093 semel
532 4037 683 4111 quidem),
705 4037 734 4092 iu
758 4038 896 4093 omnibus
919 4035 1066 4111 sapientis
1089 4035 1205 4111 antiqui
1227 4053 1326 4092 exem·

353 4137 434 4212 plum
457 4138 595 4195 imitatur.
635 4135 744 4194 Sextus
768 4139 939 4194 sententias
961 4139 1087 4213 quidem
1104 4137 1263 4193 nonnullo
1280 4155 1328 4192 or·

353 4240 426 4295 dine
450 4239 573 4295 effundit
594 4255 694 4314 neque
721 4240 749 4294 in
771 4237 908 4310 florilegii
932 4239 1059 4294 modum
1080 4237 1247 4310 componit,
1271 4237 1328 4292 sed

354 4340 479 4396 solutior
512 4349 559 4395 est
591 4350 622 4395 et
652 4340 769 4412 singula
807 4347 839 4395 ut
868 4339 1014 4413 cuiusque
1054 4339 1097 4394 rei
1131 4338 1160 4393 in
1193 4347 1328 4394 mentem

354 4443 436 4496 veuit
458 4441 551 4497 libere
573 4439 760 4514 emittuntur,
784 4441 825 4496 ita
849 4451 882 4496 ut
900 4458 960 4514 qua
983 4439 1179 4496 similitudine
1205 4449 1238 4496 et
1266 4455 1327 4514 quo

353 4543 490 4600 idearum
522 4559 600 4599 nexu
632 4540 818 4598 cohaereant
848 4541 984 4597 divinare
1013 4541 1115 4614 potius
1144 4557 1235 4614 quam
1263 4557 1327 4596 cer-

354 4660 426 4698 nere
451 4643 560 4717 possis.
591 4653 697 4700 contra
719 4651 824 4699 noster
846 4642 875 4696 in
900 4643 990 4698 rerba
1013 4641 1136 4716 proruit,
1160 4643 1252 4698 verbo
1277 4641 1327 4697 ali-

354 4763 414 4819 quo
438 4746 547 4800 ductus
570 4745 612 4799 ad
634 4759 713 4800 nova
735 4745 883 4819 procedit,
908 4762 1002 4818 saepe
1026 4760 1086 4798 uuo
1110 4743 1202 4800 verbo
1231 4743 1327 4798 moni·

353 4857 401 4901 tus
425 4841 476 4919 (cl.
500 4843 550 4916 65)
574 4844 630 4900 alia
654 4844 800 4914 adnectit,
825 4845 855 4900 iu
881 4845 1096 4901 concludendo
1120 4863 1138 4899 a
1166 4843 1326 4917 proposito

353 4947 482 5012 aberrat,
506 4955 610 5001 tamen
632 4945 670 4998 ab
692 4945 803 5000 ultimis
826 4962 932 5000 semen
956 4945 1066 5018 accipit
1083 4962 1144 5019 quo
1169 4945 1326 5018 proximae

354 5046 454 5121 fruges
479 5047 614 5103 oriuntur
636 5044 686 5115 (ci.
712 5046 814 5103 8-15
839 5055 869 5101 et
894 5048 931 5103 16
950 5043 1042 5119 sqq),
1066 5061 1161 5119 saepe
1184 5045 1262 5102 redit
1287 5047 1328 5102 ad

353 5155 566 5219 argumentum
588 5147 671 5201 cuius
693 5146 839 5202 memoria
862 5146 955 5202 menti
982 5145 1128 5216 inhaeret,
1165 5146 1258 5202 verba
1285 5146 1327 5202 ita

355 5247 481 5304 inflectit
504 5256 534 5302 et
557 5247 721 5319 detorquet
742 5256 775 5302 ut
797 5264 917 5321 semper
938 5248 1008 5304 novi
1029 5247 1178 5322 quiddam
1201 5245 1327 5319 effingat

353 5365 460 5405 sensus
490 5347 573 5404 nulla
606 5346 667 5402 fere
697 5346 801 5404 habita
827 5347 963 5424 ratione,
993 5348 1092 5421 gliscit
1114 5336 1239 5422 aliquod
1262 5365 1327 5403 ver·

354 5450 425 5506 bum
449 5459 480 5506 et
502 5447 604 5524 paullo
627 5455 698 5522 post
720 5449 844 5521 prosilit,
868 5463 947 5524 quae
972 5449 1063 5505 semel
1088 5449 1163 5505 dixit
1186 5466 1240 5521 per
1263 5467 1328 5505 am·

354 5549 449 5624 bages
474 5548 582 5623 repetit
604 5557 636 5604 et
658 5548 709 5604 uhi
732 5550 830 5606 minus
854 5548 980 5606 feliciter
1002 5567 1096 5624 opera
1128 5553 1220 5607 cessit
1242 5551 1327 5607 novis

1343 617 1379 680 10

1378 809 1534 864 sententiis
1563 809 1804 883 superimpositis
1835 809 2001 864 emendare
2032 817 2064 863 et
2092 807 2276 882 amplificare
2301 826 2356 864 co-

1377 917 1475 966 natur.
1512 908 1640 964 multum
1664 910 1779 965 deiude
1803 909 1929 965 interest
1962 909 1990 964 in
2016 909 2234 966 sententiarum
2258 921 2356 966 struc-

1379 1017 1452 1066 tura.
1486 1009 1569 1066 Sexti
1588 1021 1755 1086 praecepta
1769 1011 1872 1066 brevia
1888 1017 1968 1080 sunt,
1985 1007 2140 1082 simplicia,
2158 1009 2257 1066 verbis
2273 1027 2356 1083 quae

1378 1111 1487 1186 cuique
1511 1112 1682 1168 sententiae
1706 1111 1888 1168 conveniunt
1910 1125 2064 1183 expressa,
2089 1109 2185 1166 sorma
2208 1111 2239 1166 iu
2261 1111 2354 1167 rebus

1376 1223 1440 1268 tam
1471 1212 1616 1269 similibus
1643 1230 1764 1288 semper
1793 1213 1916 1268 variata.
1961 1209 2121 1284 Epictetus
2154 1211 2256 1266 omnia
2291 1228 2356 1266 uno

1378 1313 1445 1370 stilo
1470 1315 1624 1386 describit,
1650 1315 1691 1369 ad
1713 1330 1804 1370 unam
1820 1311 1954 1384 regulam
1970 1311 2072 1383 exigit,
2090 1319 2152 1367 tam
2174 1321 2357 1367 constanter

1379 1433 1470 1470 unum
1500 1416 1670 1490 exemplum
1700 1415 1893 1486 eandemque
1923 1411 2051 1468 formam
2079 1411 2225 1484 sequitur,
2262 1419 2295 1468 ut
2331 1410 2357 1467 si

1378 1533 1469 1573 uuam
1504 1517 1688 1572 sententiam
1722 1515 1840 1588 legeris,
1876 1521 1974 1570 totum
2008 1512 2162 1588 scriptoris
2197 1513 2358 1586 ingenium

1378 1618 1535 1691 cognitum
1559 1617 1681 1674 habeas.
1716 1617 1785 1670 vide
1803 1633 1870 1688 eg.
1892 1630 1915 1672 s,
1931 1615 1970 1671 49
1995 1609 2127 1672 Βέλτιον
2150 1609 2256 1672 πολλὰ
2278 1610 2357 1686 χρή·

1378 1734 1461 1790 ματα
1480 1714 1689 1778 ἀπολέσαντα
1709 1713 1712 1787 l
1733 1712 1789 1776 ἕνα
1806 1712 1903 1790 φίλον
1917 1711 2097 1786 κτήσασθαι
2118 1715 2121 1784 Ι
2140 1710 2159 1786 ἢ
2181 1709 2240 1773 ἕνα
2255 1711 2356 1788 φίλον

1378 1813 1588 1878 ἀπολέσαντα
1616 1821 1620 1891 1
1648 1815 1754 1878 πολλὰ
1785 1813 1931 1891 χρήματα
1954 1813 2142 1889 κτήσασθαι.
2183 1816 2357 1874 antitheses

1378 1929 1449 1976 sunt
1465 1929 1496 1974 et
1506 1919 1701 1976 antitheseou
1712 1931 1774 1975 tam
1786 1936 1893 1974 amans
1907 1927 1965 1983 est,
1983 1926 2016 1972 ut
2035 1933 2073 1971 ne
2087 1915 2211 1972 verbum
2230 1917 2357 1990 quidem

1378 2022 1512 2095 proferre
1544 2030 1637 2094 queat
1664 2022 1736 2096 quin
1766 2021 1895 2076 alterurn
1920 2027 2067 2092 opponat.
2104 2018 2146 2072 ita
2169 2017 2214 2072 ve'l
2240 2018 2357 2092 simpli·

1378 2123 1515 2178 cissimas
1538 2139 1586 2178 res
1609 2139 1663 2195 per
1689 2120 1854 2176 antithesin
1878 2119 2056 2193 pronuntiat
2081 2119 2162 2175 velut
2186 2137 2209 2176 s,
2236 2122 2272 2178 14
2296 2113 2352 2191 Μὴ

1377 2220 1508 2282 πίστευε
1536 2218 1614 2300 τύχῃ
1644 2219 1695 2280 καὶ
1725 2217 1912 2293 πιστεύσεις
1943 2221 2016 2298 θεῷ,
2058 2237 2081 2278 s.
2108 2221 2144 2277 17
2180 2214 2215 2277 Εἰ
2246 2214 2356 2294 βούλει

1378 2319 1501 2398 ἀγαθὸς
1517 2317 1605 2394 εἶναι,
1622 2322 1752 2396 πρῶτον
1768 2319 1945 2380 πίστευσον
1963 2317 2012 2379 ὅτι
2028 2317 2128 2394 κακὸς
2145 2312 2180 2386 εἴ,
2198 2319 2236 2380 ci.
2254 2338 2277 2377 s.
2292 2319 2357 2376 8-

1381 2427 1426 2484 12.
1448 2427 1486 2481 76
1510 2425 1548 2482 al.
1573 2425 1703 2480 eandem
1721 2426 1760 2480 ob
1783 2440 1908 2479 causam
1923 2422 2169 2496 comparationes
2193 2421 2222 2476 iu
2238 2420 2356 2477 deliciis

1379 2524 1479 2592 habet,
1506 2541 1586 2598 quae
1610 2523 1763 2597 egregiam
1787 2523 1936 2598 praebent
1958 2524 2117 2578 materiam
2141 2521 2180 2578 ad
2205 2521 2276 2576 talia
2299 2521 2357 2576 fiu-

1378 2626 1481 2698 genda
1504 2625 1585 2680 velut
1608 2643 1629 2680 s
1653 2627 1692 2683 57
1726 2619 1852 2697 Ὥσπερ
1880 2619 2002 2696 ἀληθὴς
2025 2619 2122 2696 ζυγὸς
2142 2615 2147 2697 Ι
2167 2617 2241 2681 οὔτε
2270 2617 2355 2694 πρὸς

1379 2721 1523 2799 ἀληθοῦς
1547 2721 1712 2784 εὐθύνεται
1735 2725 1832 2797 ζυγοῦ
1865 2725 1869 2798 l
1903 2721 1972 2784 οὔθ’
1996 2721 2058 2783 ὑπὸ
2080 2723 2224 2797 ψευδοῦς
2253 2719 2355 2796 κρίνε-

1378 2844 1438 2902 ται,
1470 2831 1474 2896 l
1503 2822 1588 2886 οὕτω
1612 2821 1703 2886 καὶὸ
1727 2823 1850 2900 δίκαιος
1873 2821 1982 2899 κριτὴς
2013 2829 2016 2892 t
2044 2818 2112 2883 οὔθ’
2135 2821 2199 2882 ὑπὸ
2222 2819 2355 2882 δικαίων

1378 2925 1546 2988 εὐθύνεται
1566 2927 1569 2996 l
1589 2922 1664 2985 οὔτε
1688 2928 1762 3000 παρ’
1787 2923 1909 3001 ἀδίκοις
1933 2920 2101 2985 δικάζεται.
2136 2927 2177 2981 ad
2198 2924 2277 2981 hanc
2300 2941 2354 2978 an-

1379 3029 1526 3086 titheseos
1553 3028 1679 3085 sormam
1705 3031 1806 3084 omnia
1829 3029 1969 3094 redeunt,
1994 3043 2178 3100 quamquam
2202 3043 2263 3081 non
2288 3025 2354 3080 sine

1378 3142 1442 3186 arte
1474 3130 1531 3186 hac
1563 3145 1686 3204 quoque
1717 3130 1746 3185 iu
1774 3147 1807 3185 re
1831 3129 2011 3185 varietatem
2042 3127 2171 3200 aliquam
2194 3133 2353 3182 assecutus

1379 3241 1424 3288 est
1449 3240 1481 3287 et
1504 3229 1698 3287 antitheseon
1722 3248 1833 3304 genera
1864 3230 1958 3284 modo
1989 3227 2138 3302 simplicia
2165 3225 2259 3282 modo
2288 3243 2350 3282 am-

1378 3333 1473 3406 pliora
1497 3332 1526 3386 in
1551 3331 1663 3386 classes
1680 3331 1844 3386 discribere
1868 3330 1977 3404 possis.
2011 3346 2113 3384 verum
2129 3345 2177 3384 res
2195 3337 2255 3382 tam
2272 3327 2352 3384 clara

1378 3442 1410 3488 et
1436 3431 1596 3506 perspicua
1627 3439 1659 3486 ut
1683 3432 1817 3506 pluribus
1845 3432 1987 3506 persequi
2016 3431 2155 3502 taedeat;
2190 3446 2229 3482 ne
2258 3428 2352 3484 verba

1378 3534 1487 3590 iterum
1510 3531 1679 3588 exscribam
1702 3533 1783 3605 ipsas
1807 3532 1975 3588 sententias
2000 3533 2106 3589 adeas,
2139 3530 2196 3586 sed
2207 3529 2290 3586 Sexti
2313 3547 2352 3584 ea

1378 3652 1439 3690 uon
1468 3643 1537 3690 sunt
1565 3633 1672 3688 similia
1698 3651 1797 3708 neque
1828 3634 1911 3706 apud
1938 3633 2030 3688 ullum
2053 3632 2143 3688 aliurn
2172 3632 2350 3704 scriptorem

1379 3744 1495 3791 tantam
1518 3733 1574 3788 stili
1598 3734 1803 3789 constantiam
1831 3751 1880 3789 me
1910 3734 2079 3807 repperisse
2103 3732 2234 3788 memini.
2269 3739 2353 3786 cete·

1378 3853 1443 3891 rum
1476 3834 1533 3890 hac
1570 3834 1726 3890 dementia
1757 3836 1879 3908 saepius
1912 3833 2038 3890 trahitur
2079 3834 2120 3889 ad
2153 3831 2352 3888 insulsissime

1379 3937 1478 4012 effata,
1513 3937 1586 3991 dum
1616 3936 1708 3992 verba
1736 3936 1873 4008 sequitur
1900 3935 2083 3990 sententiam
2115 3934 2224 4007 perdit,
2259 3932 2352 3988 multa

1379 4056 1458 4112 quae
1486 4049 1610 4111 propter
1638 4036 1805 4092 antithesin
1832 4035 1990 4092 infeliciter
2017 4035 2172 4109 opposuit,
2203 4050 2274 4089 mox
2298 4033 2352 4088 de·

1360 4121 1509 4214 torquet,
1544 4148 1576 4192 ut
1608 4135 1723 4211 aliquid
1759 4137 1871 4192 dixisse
1906 4137 2057 4208 uideatur3
2091 4145 2136 4192 est
2166 4145 2268 4191 tamen
2300 4135 2352 4192 ubi

1377 4241 1435 4295 nisi
1463 4238 1520 4295 hac
1551 4237 1776 4294 consuetudine
1806 4248 1968 4310 perspecta
2001 4235 2074 4312 quid
2105 4235 2231 4292 voluerit
2262 4235 2353 4291 extri·

1379 4355 1448 4394 care
1472 4354 1534 4394 non
1556 4339 1655 4411 possis
1678 4331 1731 4415 (cf.
1755 4333 1818 4412 25).
1862 4338 2001 4412 exempla
2022 4339 2051 4394 in
2079 4338 2159 4394 notis
2184 4353 2251 4394 cum
2280 4353 2353 4392 cura

1378 4437 1521 4494 indicavi.

1420 4539 1492 4595 item
1521 4540 1550 4594 in
1579 4541 1667 4596 rebus
1701 4557 1774 4614 quas
1802 4549 1911 4596 tractat
1938 4541 2015 4595 intra
2044 4549 2191 4612 angustos
2220 4538 2296 4594 lines
2320 4555 2353 4592 se

1378 4641 1523 4698 continet.
1554 4652 1733 4715 argumenta
1757 4642 2000 4716 composuimus;
2025 4642 2064 4696 de
2088 4641 2148 4696 deo
2172 4639 2256 4695 initio
2280 4639 2351 4711 egit;

1378 4741 1408 4797 in
1433 4742 1629 4816 sequentibus
1652 4760 1720 4798 raro
1745 4741 1780 4818 (s.
1807 4745 1852 4799 14.
1879 4745 1925 4800 39.
1950 4739 2002 4814 50)
2025 4741 2171 4810 meminit,
2197 4739 2348 4796 cumSex·

1379 4852 1427 4897 tus
1452 4852 1481 4899 et
1505 4841 1695 4918 Pythagorici
1721 4845 1761 4900 ad
1794 4845 1886 4898 deum
1910 4843 2011 4898 omnia
2034 4841 2176 4898 referant.
2220 4841 2260 4896 de
2286 4839 2350 4914 pie·

1379 4953 1442 5000 tate
1466 4961 1539 5017 erga
1561 4955 1703 5018 parentes
1727 4963 1807 5019 quae
1834 4945 1863 4999 in
1888 4943 1932 4998 his
1955 4942 2157 5017 gnomologiis
2180 4959 2251 4998 cum
2275 4942 2351 4996 deo·

1378 5062 1443 5101 rum
1467 5046 1549 5101 cultu
1573 5045 1681 5100 sociari
1705 5045 1793 5121 solet,
1814 5053 1845 5100 et
1868 5045 1908 5100 de
1929 5044 2121 5100 matrimonio
2139 5053 2168 5098 et
2188 5042 2287 5098 liberis
2312 5059 2350 5098 ue

1378 5146 1503 5202 verbum
1525 5144 1656 5220 quidem.
1688 5156 1794 5202 contra
1814 5146 1909 5202 multa
1926 5147 1967 5200 de
1984 5153 2176 5219 paupertate,
2198 5143 2291 5199 multa
2307 5143 2347 5198 de

1379 5247 1481 5313 serviS,
1503 5246 1662 5312 iudicibus,
1688 5248 1755 5305 viris
1779 5249 1822 5304 rei
1844 5245 1983 5322 publicae
2007 5246 2158 5312 studiosis
2182 5243 2277 5301 multa
2305 5253 2351 5300 et·

1378 5348 1438 5404 iarn
1464 5349 1503 5404 de
1528 5343 1718 5425 πολυτελείᾳ
1744 5348 1774 5404 in
1795 5348 1935 5404 cenando
1958 5355 1989 5401 et
2011 5347 2040 5402 in
2062 5345 2207 5422 aediliciis
2231 5353 2349 5402 struen-

1379 5449 1435 5507 dis.
1465 5449 1520 5505 sed
1543 5448 1574 5504 in
1594 5447 1640 5504 his
1665 5449 1755 5504 rebus
1778 5448 1916 5504 omnibus
1933 5449 2116 5522 sapientiam
2133 5445 2267 5520 sequitur
2283 5453 2351 5501 cot-

1379 5549 1526 5606 tidianam
1556 5558 1586 5604 et
1616 5550 1697 5605 adeo
1730 5550 1881 5624 vulgarem
1914 5559 1946 5604 ut
1972 5548 2126 5605 hominem
2149 5547 2295 5603 rusticum
2320 5553 2351 5601 et

2506 635 2508 650 l
