5046 6802
142 817 184 874 64
207 809 346 888 Αίσχρόν
367 811 425 874 τὸν
448 813 637 887 δικαστὴν
659 813 743 890 πρὸς
765 811 884 889 ἑτέριυν
907 812 1100 878 δικάζεσθαι.

141 969 181 1026 65
207 961 353 1038 Καθάπερ
376 959 476 1039 ὀρθοὺ
499 961 596 1026 οὐδέν
616 961 802 1040 ὀρθότερον,

205 1070 310 1146 οὑτως
334 1067 410 1132 οὐδὲ
434 1070 582 1133 δικαίου
605 1069 702 1134 οὐδέν
725 1072 932 1149 δικαιότερον.

248 1177 429 1234 63-6530
444 1179 550 1232 nir-ou
571 1178 623 1244 (St.
643 1179 668 1246 c,
688 1179 804 1245 tlt-48)

139 1326 178 1384 66
201 1319 423 1398 Ἐλευθερία
447 1321 507 1382 καὶ
532 1321 702 1397 δουλεία,
725 1321 761 1384 τὸ
778 1323 835 1397 μὲν
851 1321 969 1401 ἀρετῆς
984 1322 1099 1404 ὄνομα,

203 1429 240 1492 τὸ
263 1431 298 1492 δὲ
322 1429 444 1506 κακίας,
467 1428 564 1507 άμφω
586 1431 621 1492 δὲ
643 1432 866 1508 προαιρέσεως
883 1432 970 1509 ἔργα,
997 1430 1048 1512 οἷς
1065 1434 1100 1496 δὲ

204 1538 392 1615 προαίρεσις
415 1537 454 1600 ού
479 1541 634 1612 κοινωνεῖ,
658 1540 784 1602 τούτων
805 1541 902 1616 ψαύει
925 1543 983 1615 μὲν
1009 1542 1099 1605 ούδέ-

204 1641 329 1724 τερον·“
340 1647 417 1723 τύχη
441 1648 477 1710 δὲ
500 1648 672 1711 δεσπόζειν
690 1645 781 1712 εἴωθε
798 1650 950 1728 σώματος
967 1652 1018 1714 καὶ
1034 1650 1098 1714 ὅσα

202 1759 265 1818 τῶν
281 1755 362 1834 ἀμφὶ
383 1759 477 1832 σῶμα
501 1757 726 1833 προαιρέσεως
747 1757 966 1835 ἀκοινώνητα·
991 1760 1098 1838 οὐδεὶς

203 1865 265 1941 γάρ
287 1866 406 1942 δοῦλος
426 1865 484 1941 τὴν
505 1866 694 1942 προαίρεσιν
716 1864 866 1943 ὑπάρχων
890 1868 1070 1946 ἐλεύθερος.

136 2021 176 2078 67
203 2015 305 2092 Κακός
329 2015 484 2092 δεσμὸς
507 2016 688 2093 σώματος
708 2019 765 2093 μὲν
786 2018 873 2094 τύχη,

199 2129 337 2200 ψυχῆς
360 2125 396 2186 δὲ
420 2124 525 2186 κακία·

199 2233 217 2295 ό
240 2234 298 2305 μὲν
319 2234 381 2310 γάρ
404 2234 441 2296 τὸ
458 2236 551 2310 σῶμα
572 2235 758 2312 λελυμένος,

196 2343 255 2416 τὴν
277 2344 312 2405 δὲ
334 2345 443 2420 ψυχὴν
464 2346 638 2422 δεδεμένος
662 2346 817 2421 δοῦλος,

198 2447 266 2513 ὁδ’
290 2450 330 2514 αὑ
355 2451 391 2514 τὸ
415 2456 509 2525 σῶμα
532 2453 716 2528 δεδεμένος,

199 2560 256 2636 τὴν
276 2562 311 2623 δὲ
335 2561 443 2638 ψυχὴν
466 2561 642 2638 λελυμένος
665 2561 884 2638 ἐλεύθερος.

132 2709 174 2767 68
197 2703 263 2768 Τόν
287 2708 343 2782 μὲν
373 2708 430 2767 τού
459 2706 660 2783 σώματος
688 2706 845 2782 δεσμὸν
868 2705 935 2768 λύει

196 2813 246 2876 καὶ
270 2813 370 2892 φύσις
393 2813 445 2876 διά
468 2812 610 2876 θανάτου
634 2815 684 2876 καὶ
707 2814 799 2878 κακία
823 2815 875 2878 διά
897 2813 1073 2892 χρημάτων,

196 2923 253 2986 τὸν
276 2925 311 2986 δὲ
335 2927 392 3000 τῆς
415 2928 523 3000 ψυχῆς

197 3029 293 3108 ἀρετὴ
314 3031 366 3094 διά
381 3031 553 3109 μαθήσεως
572 3031 623 3094 καί
645 3033 808 3110 ἐμπειρίας
832 3033 882 3096 καί
906 3033 1088 3111 ἀσκήσεως.
1134 3081 1172 3136 73
1197 3074 1232 3136 Εἰ
1255 3078 1272 3152 β

1207 815 1546 892 συναπολειφθήσεται
1570 817 1604 878 δὲ
1620 817 1688 891 τοῖς
1710 815 1911 891 συμμένουσί
1926 829 1979 878 σοι
1995 813 2014 890 ἡ
2031 835 2106 902 χρη-

1206 923 1328 1001 στότης
1351 923 1403 986 καί
1423 923 1443 1000 ὴ
1466 923 1678 1001 ἐλευθερία.

1143 1063 1183 1120 70
1205 1058 1336 1121 Βέλτιον
1365 1057 1443 1134 μετὰ
1473 1056 1548 1135 ἑνὸς
1576 1057 1806 1134 ἐλευθέρου
1839 1058 1942 1120 ζῶντα
1976 1053 2105 1134 ἄφοβον

1206 1167 1256 1230 καί
1282 1165 1452 1242 ἐλεύθερον
1475 1163 1628 1243 ὑπάρχειν

1206 1277 1329 1353 ἢμετὰ
1351 1279 1481 1339 πολλῶν
1505 1275 1763 1339 δουλεύειν.

1250 1383 1550 1438 66-702031-35
1569 1382 1618 1442 (St.
1642 1385 1663 1442 ί,
1686 1381 1834 1446 tuo-159)

1146 1505 1308 1583 71²“Onsp
1331 1508 1463 1584 φεύγεις
1489 1509 1612 1582 παθεῖν,
1635 1509 1733 1568 τοῦτο
1756 1504 1796 1582 μὴ
1827 1504 1977 1582 ἐπιχείρει
2006 1508 2103 1567 διατι-

1206 1615 1308 1680 θέναι·
1402 1661 1403 1664 ,

1183 1721 1338 1804 ιφεύγεις
1361 1727 1396 1788 δὲ
1417 1725 1611 1802 δουλείαν,
1634 1723 1811 1803 φυλάσσου
1826 1723 1864 1786 τὸ
1881 1722 2100 1787 δουλεύεσθαι.

1205 1835 1377 1910 ὑπομένων
1400 1835 1461 1911 γὰρ
1484 1832 1694 1896 δουλεύεσθαι
1723 1831 1822 1908 αὐτὸς
1845 1830 1999 1909 ὑπάρχειν
2022 1831 2100 1908 πρό-

1204 1964 1300 2021 τερον
1322 1942 1430 2020 ἔοικας
1454 1945 1586 2020 δοῦλος·

1203 2055 1278 2117 οὔτε
1302 2054 1364 2129 γάρ
1387 2052 1480 2133 κακίᾳ
1502 2050 1598 2128 ἀρετὴ
1623 2054 1772 2115 κοινωνεῖ

1202 2161 1276 2226 οὔτε
1300 2161 1523 2238 ἐλευθερία
1546 2161 1730 2242 δουλείᾳ.

1245 2267 1355 2323 tr=c
1370 2271 1404 2323 sc
1424 2269 1476 2329 (se.
1498 2271 1520 2336 1,
1545 2269 1619 2335 ιυο),
1639 2267 1798 2322 τινι-,ατ

1139 2401 1177 2456 rt
1199 2393 1323 2470 Ὥσπερ
1352 2393 1370 2456 ό
1399 2391 1550 2465 ὑγιαίνων
1577 2391 1636 2454 οὐκ
1664 2391 1703 2454 ἂν
1726 2391 1788 2453 ὑπὸ
1810 2389 2001 2454 νοσούντων
2024 2389 2097 2465 βού-

1201 2508 1289 2567 λοιτο
1312 2503 1546 2580 θεραπεύεσθαι

1199 2614 1276 2678 οὐδὲ
1296 2613 1374 2690 τοὺς
1398 2616 1632 2688 συνοικοὺντας
1655 2610 1761 2692 ἑαυτῷ
1784 2613 1904 2686 νοσεῖν,

1200 2723 1306 2799 οὑτως
1329 2721 1397 2785 οὐδ’
1421 2721 1439 2784 ὁ
1463 2717 1674 2797 ἐλεύθερος
1691 2719 1857 2797 ἀνάσχοιτ’
1880 2719 1918 2782 ἂν
1936 2717 1998 2781 ὑπὸ
2015 2721 2094 2781 δου-

1198 2835 1272 2894 λων
1295 2831 1520 2907 ὑπηρετεῖσθαι

1198 2937 1216 3015 ἢ
1239 2941 1317 3017 τοὺς
1339 2942 1555 3017 συμβιοῦντας
1578 2937 1683 3020 ἑαυτῷ
1707 2937 1880 3000 δουλεύειν.

1274 3073 1362 3137 ούλει
1385 3073 1552 3137 δούλων
1576 3073 1669 3151 ἐκτὸς
1694 3071 1856 3150 ὑπάρχειν,
1889 3071 1988 3148 αὐτὸς
2014 3069 2096 3133 ἀπο-

134 3189 175 3245 69
200 3182 235 3245 Εἰ
268 3181 376 3262 βούλει
409 3181 579 3261 ἀταράχως
606 3184 656 3246 καί
682 3184 865 3262 εὐαρέστως
894 3189 959 3260 ζῆν,
993 3187 1095 3262 πειρῶ
1204 3181 2094 3264 λύθητιδουλείαςέσηδ’ἐλεύθερος,ἐὰνάπολυθῄς

196 3291 273 3369 τούς
297 3291 531 3371 συνοικούντάς
549 3307 603 3356 σοι
624 3293 817 3372 σύμπαντας
835 3294 977 3373 ἀγαθοὺς
993 3293 1090 3373 ἔχειν·

197 3402 278 3479 ἕξεις
302 3404 336 3465 δὲ
360 3400 514 3481 ἀγαθούς,
538 3401 564 3465 εἰ
586 3404 664 3481 τοὺς
687 3405 745 3479 μέν
762 3403 897 3481 ἑκόντας
914 3403 1089 3480 παιδεύοις,

196 3512 273 3588 τοὺς
289 3511 324 3573 δὲ
348 3509 488 3587 ἄκοντας
512 3510 619 3574 ἔπειτα
643 3513 894 3589 κεχειρωμένους
916 3512 1090 3590 ἀπολύοις·

195 3621 412 3698 συμφεύξεται
433 3619 495 3696 γάρ
517 3624 585 3698 τοῖς
609 3624 771 3698 φυγοὺσιν
799 3620 818 3697 ἡ
846 3623 1003 3700 μοχθηρία
1025 3621 1090 3699 ἅμα

196 3729 286 3804 καὶὴ
311 3727 479 3804 δουλεία,

128 3882 165 3933 τό
186 3879 330 3946 κριτήριον
350 3880 424 3944 ἔχων
444 3878 582 3945 ὁρθόνΒτ
601 3879 718 3948 φωτίγγια
746 3879 759 3948 d
796 3879 830 3931 ur
849 3879 884 3932 οῖ.
897 3881 971 3932 Sext.
985 3880 1035 3932 164
1065 3877 1078 3951 Ι

130 3970 167 4024 6ὁ
188 3966 224 4022 ci.
244 3968 278 4020 56
319 3964 333 4039 Ι
377 3969 450 4020 inter
469 3967 504 4020 65
523 3974 552 4021 et
571 3969 605 4019 tc
625 3969 680 4020 atie
699 3967 872 4021 intercidisse
894 3985 950 4021 non
969 3977 1084 4036 putave-

129 4057 195 4125 rim,
223 4073 287 4108 nam
313 4060 345 4108 ut
363 4057 398 4106 ult
417 4055 563 4108 exorditur
588 4055 645 4124 ipsc
665 4057 699 4108 ad
719 4073 895 4109 novatorem
916 4073 943 4108 se
963 4057 1083 4109 transire

128 4145 265 4200 declarat.
295 4143 396 4197 deinde
418 4149 448 4196 ut
467 4143 538 4195 54-
549 4143 584 4196 nt
605 4150 633 4196 et
651 4145 685 4197 ὑί
696 4171 721 4181 -
733 4144 768 4198 ὑί)
786 4151 917 4212 repetunt
936 4160 1083 4212 argumen-

127 4241 192 4288 tum
217 4252 237 4286 a.
260 4234 290 4285 ίί
316 4232 500 4300 propositum,
529 4232 568 4284 its
594 4234 628 4284 66
653 4233 796 4299 ἐλευθερία
819 4237 848 4286 et
871 4231 1032 4298 προαίρεσις
1055 4239 1083 4284 et

127 4325 202 4389 τύχη
222 4321 404 4375 recordantur
424 4337 444 4372 s.
458 4321 490 4372 19
509 4327 537 4373 et
555 4322 586 4372 nt
607 4323 651 4374 καί
671 4323 808 4388 φρόνιμος
828 4323 880 4386 οὑχ
899 4323 915 4374 ό
935 4320 980 4372 διά
993 4320 1082 4385 τύχην

127 4429 156 4466 τι
184 4411 312 4476 ποιήσας,
344 4409 402 4463 ἀλλ’
427 4411 443 4462 ό
470 4410 515 4462 διά
540 4409 712 4475 προαίρεσιν.
744 4411 789 4462 Ἵν·
810 4411 862 4462 οὑν
888 4411 954 4478 δόξῃ
976 4412 1026 4474 μὲν
1050 4411 1083 4477 ῇς

128 4500 292 4567 ἀχείρωτος,
312 4500 383 4566 τύχη
403 4501 433 4552 δέ
453 4499 607 4566 ἐλεύθερος,
628 4499 709 4566 κακίᾳ
728 4500 758 4552 δέ
777 4501 1003 4565 ἀπολιόρκητος.
1022 4539 1027 4551 .
1043 4499 1082 4552 ίθι

128 4591 177 4644 έπί
196 4589 283 4654 θύρας
302 4589 402 4654 ἀρετῆς
424 4590 482 4640 κτλ.
504 4587 516 4653 ΙΙ
539 4588 624 4652 ἄμφω
648 4589 678 4640 δέ
698 4588 838 4655 usquead
858 4587 904 4640 fin.
925 4605 978 4640 om.
997 4585 1044 4640 Tr.
1070 4587 1083 4653 ΙΙ

126 4680 202 4743 τύχη
222 4677 332 4744 scripsi:
352 4678 429 4741 ψυχὴ
452 4673 531 4729 codd.
553 4675 634 4728 solito
654 4693 763 4743 errore;
784 4676 853 4729 illud
872 4693 966 4730 sensus
985 4681 1081 4744 postu·

127 4767 171 4820 lat
189 4770 218 4818 et
236 4783 256 4818 s.
278 4765 311 4816 1‘2
330 4764 536 4832 comprobatur,
557 4780 621 4816 nam
641 4765 662 4816 ἐ.
683 4767 727 4817 καί
748 4765 771 4816 δ.
791 4765 983 4830 προαιρέσεως
1002 4765 1081 4828 ἔργα,

127 4853 175 4918 οἷς
199 4853 229 4906 δέ
253 4851 414 4919 προαίρεσις
438 4854 472 4905 ού
494 4858 629 4916 κοινωνεῖ,
654 4853 766 4905 τούτων
785 4855 857 4918 τύχη
878 4852 1024 4905 δεσπόζειν
1044 4851 1079 4904 εί-

127 4945 188 4996 ωθε
207 4959 243 4995 sc.
263 4942 396 5004 σώματος
415 4942 481 5004 κτλ..
508 4941 542 4993 οὑ
562 4941 592 4992 δέ
612 4941 683 5006 τύχη
704 4941 832 4992 δεσπόζει
852 4942 885 4993 ού
905 4943 1013 5005 δοθλος,
1034 4940 1080 4991 ού-

126 5033 187 5094 δείς
204 5030 258 5096 γάρ
278 5030 379 5092 δούλας
398 5030 451 5093 τὴν
470 5027 634 5095 προαίρεσιν
654 5031 678 5080 o.
694 5029 747 5094 u.;
767 5027 800 5079 ad
820 5029 873 5095 γάρ
888 5026 952 5080 sort.
967 5028 1021 5082 cld-
1034 5029 1078 5093 tn,

126 5119 178 5174 sed
193 5121 317 5186 praestat
328 5118 420 5181 οὐδείς
431 5120 485 5184 ἄρα
496 5117 570 5184 quod
581 5117 651 5170 coni.
663 5116 837 5170 Brinkmanu
850 5117 885 5169 ct'.
897 5117 995 5170 similis
1006 5125 1077 5169 stru-

124 5207 312 5262 moraes-21.
333 5212 455 5258 ceterum
469 5206 502 5259 cf.
514 5206 557 5264 ci,
572 5223 633 5257 nam
648 5207 751 5270 δεσμός
764 5207 895 5270 σώματος
908 5212 949 5258 cst
964 5205 1078 5258 δουλεία

126 5313 201 5366 quae
225 5294 350 5361 habetur,
380 5293 427 5347 sed
449 5296 536 5359 τύχης
559 5311 614 5347 nou
641 5295 833 5361 προαιρέσεως
870 5289 884 5364 d
927 5294 960 5346 ίίῖ
993 5296 1078 5356 κακὸς

124 5383 233 5448 δεσμὸς
256 5383 388 5446 σώματος
407 5383 471 5451 quia
491 5383 573 5452 vulgo
594 5385 680 5436 κακὸν
699 5382 823 5435 creditur
843 5389 870 5434 et
897 5382 1009 5435 δουλεία
1030 5398 1076 5434 κα-

125 5470 190 5534 κίας
203 5471 302 5534 όνομα.
319 5487 484 5537 quamquem
500 5473 584 5534 κακὸς
597 5471 631 5523 ad
646 5474 739 5536 ψυχῆς
753 5471 783 5523 δέ
797 5469 879 5524 κακία
894 5470 966 5524 male
980 5474 1075 5537 aptum

123 5559 235 5627 (ψυχῆς
254 5557 285 5610 δέ
307 5557 442 5624 ςκακίωνλ
464 5558 545 5612 κακία
565 5560 636 5612 coni.
656 5557 792 5624 Schenkl),
813 5559 847 5611 οί.
866 5559 901 5610 ua
935 5553 948 5622 l
977 5559 1011 5610 us
1032 5559 1076 5610 καί

1200 3292 1380 3369 ἐπιθυμίας·
1404 3289 1479 3355 οὔτε
1496 3293 1557 3368 γὰρ
1570 3281 1770 3369 Ἀριστείδης
1792 3290 1867 3354 οὔτε
1884 3279 2095 3367 Ἐπαμεινών-

1198 3407 1258 3480 δας
1282 3401 1356 3465 οὔτε
1379 3401 1603 3478 Λυκοῦργος
1626 3401 1845 3477 πλουτοῦντες
1869 3399 1920 3462 καὶ
1942 3397 2094 3463 δουλευό-

1198 3531 1288 3588 μενοι
1310 3511 1328 3574 ό
1353 3512 1411 3587 μἐν
1434 3511 1565 3587 δίκαιος,
1589 3509 1607 3572 ό
1631 3511 1665 3572 δὲ
1690 3510 1809 3586 σωτήρ,
1834 3509 1852 3572 ό
1875 3510 1911 3572 δὲ
1927 3507 2003 3585 θεὸς
2019 3505 2093 3584 ἀνη-

1197 3621 1410 3699 γορεύθησαν,
1434 3618 1502 3682 ἀλλ’
1523 3620 1573 3683 ότι
1593 3619 1764 3695 πενόμενοι
1786 3619 1844 3695 τὴν
1857 3617 1997 3681 Ἑλλάδα
2019 3622 2093 3681 bou-

1198 3730 1286 3807 λείας
1310 3728 1462 3793 ἀπέλυον.
1488 3797 1491 3804 ,

1142 3879 1223 3934 κακία
1243 3881 1288 3933 διὰ
1310 3882 1463 3946 χρημάτων
1480 3881 1552 3932 πτοία
1571 3881 1729 3948 appositum
1748 3878 1811 3932 coll.
1833 3881 1875 3931 66.
1895 3879 1939 3938 til,
1958 3877 2007 3931 aed
2028 3895 2095 3932 cum

1142 3985 1212 4037 quae
1230 3967 1323 4021 verbis
1343 3973 1388 4022 καί
1407 3971 1493 4038 φύσις
1512 3969 1557 4022 διά
1571 3969 1695 4021 θανάτου
1709 3968 1910 4036 responderent
1923 3983 1979 4020 non
1992 3972 2092 4024 essent,

1140 4058 1209 4112 illud
1224 4057 1455 4128 adiecittcogitat
1469 4063 1562 4110 autem
1574 4057 1607 4110 de
1621 4057 1741 4126 captivis
1757 4055 1804 4124 qui
1820 4056 1960 4124 corruptis
1970 4053 2090 4108 custodi·

1141 4145 1192 4200 bus
1206 4145 1380 4207 liberantur),
1396 4146 1642 4200 inconcinnitatem
1658 4145 1756 4198 deinde
1772 4145 1886 4198 alterius
1901 4144 2020 4198 membri
2030 4159 2091 4196 ser-

1140 4235 1241 4288 borcm
1270 4251 1386 4286 numero
1411 4233 1520 4302 obtegit
1544 4239 1556 4296 ΙΙ
1581 4232 1735 4302 ἐμπειρίας]
1759 4232 1967 4298 μεγαλοψυχίας
1986 4231 2032 4284 Tr.
2070 4229 2085 4303 β

1140 4323 1174 4376 us
1186 4322 1249 4376 vide
1265 4339 1319 4390 quo
1336 4321 1455 4376 artificio
1472 4323 1618 4390 paullatim
1633 4321 1667 4374 sd
1683 4338 1776 4376 servos
1789 4321 1917 4374 deveniat
1930 4319 1976 4386 (ι’ί.
1988 4321 2091 4388 40141),

1138 4412 1201 4476 περί
1221 4411 1371 4464 δεσποτῶν
1392 4413 1437 4464 καί
1457 4412 1568 4463 δούλων
1586 4415 1678 4464 autem
1692 4415 1734 4463 est
1744 4408 1820 4464 Stob.
1830 4409 1853 4462 F
1856 4410 1905 4463 lor.
1917 4427 1940 4462 c.
1951 4409 1986 4462 62
1998 4409 2011 4475 ΙΙ
2023 4411 2091 4463 πάν-

1139 4515 1190 4562 τας
1209 4501 1234 4550 Α
1255 4516 1309 4568 quo
1329 4499 1364 4552 dc
1383 4499 1508 4568 personis
1529 4506 1622 4552 noster
1643 4517 1698 4552 non
1718 4499 1807 4552 utitur
1827 4498 1862 4552 cf.
1882 4499 1917 4552 93
1940 4500 1951 4562 11
1971 4499 2040 4562 ἕξεις
2059 4500 2089 4552 δὲ

1138 4585 1172 4640 cf.
1184 4588 1226 4640 ll.
1240 4587 1273 4639 to
1287 4589 1297 4653 11
1316 4587 1340 4640 εί
1351 4627 1356 4638 .
1369 4631 1374 4641 .
1386 4589 1527 4651 ἀπολύοις.
1548 4588 1736 4652 συμφεύξεται
1749 4588 1804 4653 γὰρ
1818 4591 1875 4641 κτλ.
1891 4587 2038 4640 consilium
2048 4586 2090 4640 in·

1138 4675 1293 4744 geniosum,
1315 4683 1438 4728 ceterum
1457 4675 1490 4728 ct.
1511 4676 1543 4728 ῖί
1559 4691 1618 4743 aqq.
1637 4678 1649 4739 ΙΙ
1666 4675 1762 4728 ἔπειτα
1782 4675 2002 4741 κεχειρωμένους
2022 4675 2089 4742 quid

1138 4763 1258 4816 voluerit
1278 4781 1426 4832 cognosces
1450 4782 1483 4816 ex
1508 4764 1544 4816 69
1566 4765 1577 4828 ΙΙ
1601 4764 1757 4830 φεύγουσιν
1776 4763 1867 4816 Hense
1890 4781 1934 4831 ap.
1954 4761 2089 4816 Schenke·

1139 4851 1206 4904 lium
1235 4859 1245 4911 ΙΙ
1272 4851 1397 4918 δουλεία]
1418 4851 1499 4904 κακία
1517 4850 1563 4903 Tr.
1591 4849 1603 4918 ίΙ
1631 4851 1924 4916 συνυπολειφθήσεται
1943 4849 2005 4902 edd.
2024 4867 2087 4902 cum

1138 4937 1211 4991 Max.
1232 4957 1254 4991 υ.
1273 4939 1308 4990 δά
1328 4939 1412 4997 t'alao;
1433 4944 1555 4992 ceterum
1574 4945 1606 4992 ut
1624 4938 1759 4992 ineditum
1779 4938 1891 5006 Romyli
1906 4937 2086 4992 Wachsmuth

1139 5025 1254 5080 Studien
1274 5044 1300 5094 p.
1317 5025 1383 5079 129ι
1423 5023 1436 5097 fl
1482 5028 1516 5080 70
1536 5029 1644 5092 βέλτιον
1665 5026 1726 5078 Tr.:
1747 5028 1862 5092 άριστον
1876 5027 1932 5079 ΜΛ
1950 5029 1961 5092 ΙΙ
1980 5027 1998 5092 ἢ
2019 5028 2088 5092 μετά

1137 5118 1251 5168 πολλῶν
1279 5116 1406 5180 (δούλων
1432 5115 1604 5182 περίφοβονλ
1632 5116 1775 5168 δουλεύειν
1795 5113 1892 5179 Hense,
1921 5115 1968 5168 sed
1993 5118 2088 5168 ζῶντα

1138 5205 1247 5268 ἄφοβον
1267 5221 1329 5255 curn
1349 5203 1383 5256 ad
1404 5205 1439 5256 69
1459 5204 1598 5272 respiciat,
1618 5203 1687 5256 illud
1707 5204 1740 5256 71
1756 5203 1867 5258 uberius
1885 5203 2043 5272 explicatur
2069 5200 2082 5274 d

1138 5293 1169 5346 ῖί
1185 5291 1265 5358 ὅπερ]
1280 5290 1330 5344 όΤ
1333 5310 1354 5344 r.
1369 5294 1379 5357 ΙΙ
1392 5294 1532 5359 πρότερον
1552 5292 1679 5361 ‘pot-ius,
1699 5292 1781 5344 aliter
1799 5291 1858 5358 6911
1871 5291 1968 5355 κακίας
1986 5293 2088 5356 δοῦλος

1137 5379 1268 5448 Hirschig
1287 5381 1359 5432 maie
1371 5381 1383 5446 ΙΙ
1396 5380 1478 5434 κακία
1497 5381 1582 5447 ἀρετῇ
1597 5378 1668 5446 edd,
1688 5379 1722 5432 cf.
1736 5381 1770 5433 66
1795 5376 1810 5451 Ι
1835 5380 1869 5432 72
1884 5384 2087 5443 συνοικοῦντας

1137 5468 1170 5520 cl.
1188 5468 1247 5534 6911
1260 5471 1369 5521 οὔτε-
1383 5471 1449 5522 οὑτε
1467 5469 1560 5522 codd:
1580 5485 1652 5522 corr.
1672 5467 1799 5522 Meineke
1836 5465 1849 5539 Ι
1890 5468 1924 5520 73
1943 5467 1977 5520 cf.
1997 5467 2042 5530 ύθγ
2063 5469 2087 5520 εί

1137 5557 1275 5621 βούλει-
1297 5558 1443 5622 ἐπιθυμίας
1468 5557 1496 5611 C.
1518 5557 1579 5610 Par.
1602 5557 1675 5626 prof.
1698 5557 1750 5610 554
1778 5557 1823 5622 (ex
1844 5555 1972 5620 Stobaeo)
1996 5573 2087 5610 excer-
