5046 6802
1100 546 1192 613 XIX

145 757 185 800 ων
207 731 348 810 λίσχράς
371 732 493 811 ἡδονῆς
512 732 555 796 τὸ
583 734 640 809 μὲν
661 731 722 809 ἡδύ
745 733 869 810 ταχέως
898 729 1034 804 ἄπεισιν,
1066 731 1104 796 τὸ

209 844 244 906 δὲ
267 840 397 920 ὄνειδος
418 840 603 918 παραμένει.
715 905 729 910 ,,

146 1085 186 1124 nu
205 1059 415 1137 ’λνθρῶπους
433 1057 515 1136 ἴδοις
538 1057 578 1122 ἀν
600 1057 680 1136 ὑπὲρ
701 1061 759 1122 τοῦ
780 1059 818 1122 τὸ
840 1059 955 1128 λοιπὸν
970 1061 1028 1123 τοῦ
1043 1058 1106 1122 σῶ·

209 1188 310 1246 ματος
334 1167 418 1246 ἔχειν
441 1167 625 1246 ἐρρωμένον
648 1166 893 1244 ἀποκόπτοντας
915 1167 1040 1238 ἑαυτῶν
1055 1168 1107 1234 καὶ

209 1277 382 1356 ῥίπτοντας
397 1277 488 1354 μέλη·
501 1276 735 1359 πόσωβέλτιον
747 1276 827 1354 ὑπὲρ
839 1280 896 1340 τοῦ
909 1279 1105 1355 σωφρονεῖν.

148 1411 186 1455 οτι
208 1385 361 1464 Μεγάλην
397 1387 505 1463 νόμιζε
541 1386 688 1452 παιδείαν
726 1385 903 1464 τόνάρχειν
937 1386 1105 1465 σώματος’

207 1495 246 1559 ού
274 1498 335 1574 γὰρ
360 1495 477 1560 παύσει
503 1495 670 1570 ἐπιθυμίαν
693 1493 861 1571 κτημάτων
887 1495 907 1571 ἡ
936 1495 1106 1573 χρημάτων

210 1609 332 1682 κτῆσις.

148 1738 185 1778 ου
209 1713 405 1793 Φιλόσοφον
429 1712 524 1776 οὐδέν
548 1712 647 1789 ἐστιν,
676 1713 774 1790 ῦτῆς
800 1713 987 1792 ἐλευθερίας
1011 1714 1107 1792 ἀφαι-

208 1827 316 1902 ρεῐται.

147 1957 186 1996 αττ
205 1930 344 2009 Ἡδονὰς
369 1931 450 2008 ἡγοῦ
474 1933 533 2009 τὰς
553 1929 733 2009 ἀναγκαίας
755 1931 801 2008 ὡς
824 1930 1013 2008 ἀναγκαίας.

149 2065 186 2105 απ
209 2040 256 2104 Τὰ
279 2040 383 2115 ἀγαθὰ
407 2040 464 2116 μὲν
485 2039 569 2118 ἔχειν
591 2039 711 2117 πάντες
734 2039 890 2118 εύχονται,
913 2043 1048 2103 κτῶνται
1072 2040 1107 2104 δὲ

147 2195 149 2200 -
209 2149 239 2214 oi
261 2150 405 2227 γνησίως
427 2153 484 2212 τοῦ
509 2148 597 2212 θείου
621 2147 722 2222 λόγου
745 2149 944 2228 μετέχοντες.

145 2391 187 2431 οτι
208 2367 400 2446 Φιλόσοφος
417 2368 463 2430 ῶν
479 2367 600 2445 σεμνὸς
617 2366 675 2430 ἔσο
692 2370 814 2445 μᾶλλον
828 2367 847 2444 ἢ
863 2368 1105 2445 φιλοσκώπτης.

148 2500 186 2540 ατο
209 2477 352 2540 Σπὰνιόν
376 2492 439 2540 σου
462 2475 548 2540 ἔστω
571 2479 709 2554 σκῶμμα
731 2477 782 2540 καὶ
804 2477 841 2540 τό
863 2475 1022 2554 εὔκαιρον.

147 2585 367 2664 τοο“”Αμετρος
391 2585 496 2662 γέλως
518 2588 653 2662 σημεῖον
675 2583 878 2662 ἀπροσεξίας.

147 2693 200 2760 nob
210 2696 343 2776 Σεαυτῶ
360 2696 538 2771 διαχεῖσθαι
554 2693 637 2771 πέρα
652 2696 710 2756 τοῦ
725 2696 849 2768 μειδιᾶν
861 2694 901 2770 μὴ
918 2694 1101 2778 έπιτρέψῃς.

147 2939 185 2980 νυ
208 2916 338 2994 Σπουδῇ
355 2913 479 2978 πλείονι
500 2912 519 2989 ἢ
541 2914 687 2991 διαχύσει
709 2915 788 2992 χρῶ.

147 3047 185 3086 ise
207 3015 310 3098 ’λγῶν
333 3023 351 3086 ὁ
378 3023 447 3102 βίος
470 3021 556 3087 ἔστω
578 3037 632 3086 σοι
652 3023 725 3100 περὶ
747 3023 817 3102 βίου
838 3029 971 3100 σεμνοῦ.

146 3156 184 3195 μιν
206 3131 360 3208 Ἀριστον
376 3133 433 3208 μὲν
455 3133 493 3196 τό
509 3132 549 3209 μὴ
567 3129 728 3209 ἁμαρτεῖν,
753 3131 980 3210 ἁμαρτάνοντα
1002 3134 1037 3197 δὲ
1060 3152 1103 3207 γι-

206 3243 343 3306 νώσκειν
365 3240 497 3320 ἄμεινον
520 3242 539 3318 ἢ
562 3240 701 3315 ἀγνοεῖν.
815 3301 819 3310 ,

147 3373 184 3412 αα
207 3341 348 3418 ’λλαζῶν
370 3349 560 3429 φιλόσοφος
583 3350 642 3415 οὐκ
668 3350 766 3416 ἔστιν.

147 3483 185 3522 na
207 3459 361 3537 Μεγάλην
389 3458 513 3538 σοφίαν
541 3459 658 3538 νόμιζε,
676 3459 731 3526 ..δι’
759 3458 798 3538 ἧς
831 3459 955 3544 δυνήσῃ
992 3461 1105 3538 φέρειν

207 3566 416 3644 ἀγνοούντων
438 3567 659 3632 ἀπαιδευσίαν.

146 3700 185 3739 τοι
207 3675 349 3754 Αίσχρόν
370 3676 452 3754 ἡγοῦ
475 3675 573 3752 λόγον
599 3675 682 3756 ἔχων
704 3677 757 3741 διὰ
780 3680 873 3754 σῶμα
895 3677 1103 3754 ἐπαινεῖσθαι.

146 3810 184 3848 τοι
207 3787 328 3864 Σοφῶν
350 3786 450 3864 ψυχαὶ
473 3783 645 3864 ἀκόρεστοι
668 3785 863 3866 θεοσεβείας.

1189 757 1227 796 πα
1249 731 1486 815 Turpissimae
1508 734 1658 798 libidinis
1681 755 1723 798 ea
1743 735 1891 817 quidem,
1914 757 2005 819 quae
2019 739 2143 804 suavia

1252 851 1339 922 sunt,
1374 842 1443 906 cito
1469 852 1658 923 transeunt,
1691 846 1824 925 probra
1856 865 1941 910 vero
1974 857 2146 929 perpetua

1251 963 1401 1016 manent.

1191 1085 1229 1123 ns
1252 1057 1373 1123 Solent
1394 1060 1551 1124 homines
1567 1062 1749 1125 abscidere
1772 1063 1888 1145 aliqua
1911 1067 2146 1128 membrorum

1252 1187 1392 1231 suorum
1420 1189 1485 1250 pro
1516 1169 1663 1234 sanitate
1691 1171 1915 1253 reliquorum;
1952 1183 2081 1255 quanto
2113 1173 2147 1237 id

1251 1279 1488 1358 praestantius
1510 1297 1573 1359 pro
1596 1278 1762 1359 pudicitia
1783 1278 1852 1344 fiet.

1192 1411 1229 1450 οτι
1251 1383 1429 1450 Grandem
1452 1405 1602 1468 poenam
1623 1396 1746 1470 putato
1770 1409 1848 1452 cum
1871 1390 2051 1454 desideriis
2075 1411 2148 1454 cor·
2264 1431 2267 1436 ι

1252 1495 1432 1575 poralibus
1455 1497 1656 1576 optinueris,
1682 1515 1869 1578 numquam
1892 1499 1982 1564 enim
2011 1517 2147 1581 compe·

1254 1603 1318 1666 scit
1342 1603 1552 1667 desiderium
1575 1605 1753 1684 possessio
1770 1606 2066 1676 ,desideratorum

1193 1735 1231 1775 nr
1253 1710 1333 1774 Non
1346 1723 1400 1774 est
1411 1712 1551 1793 sapiens
1559 1711 1739 1788 factum,in
1751 1733 1820 1794 quo
1831 1714 1974 1778 libertas
1985 1713 2149 1784 aufertur.

2003 1823 2147 1904 [ducito.

1193 1953 1231 1991 υια
1253 1928 1446 1992 Libidinem
1468 1931 1701 1999 necessariam
1717 1943 1894 2013 tamquam
1916 1933 2148 2000 necessariam

1193 2061 1230 2099 υπ
1252 2035 1354 2098 Bona
1375 2036 1515 2117 quidem
1538 2039 1670 2101 habere
1692 2057 1814 2104 omnes
1834 2049 1967 2121 optant,
1991 2041 2149 2122 optinent

1252 2145 1430 2216 autem-hi,
1449 2146 1507 2226 qui
1528 2145 1736 2228 semetipsos
1752 2167 1798 2210 ex
1813 2147 1950 2229 integro
1966 2151 2075 2212 verbo
2092 2151 2147 2212 dei

1188 2290 1191 2297 -
1253 2254 1501 2340 manciparunt.
1880 2325 1886 2332 ,
1917 2306 1920 2312 .
2068 2261 2146 2337 [tor.

1190 2387 1229 2426 υιο
1250 2363 1485 2444 Philosophus
1504 2373 1539 2426 et
1554 2364 1722 2428 honestus
1741 2377 1818 2428 esto
1836 2377 1872 2430 et
1887 2386 1957 2429 non
1973 2369 2146 2432 obtrecta-

1190 2497 1228 2538 ιτα
1250 2471 1350 2536 Rara
1372 2472 1416 2534 sit
1440 2473 1651 2548 obtrectatio
1675 2483 1735 2536 tua
1757 2485 1792 2538 et
1814 2487 2049 2556 opportuna.⁴

1191 2607 1229 2644 οοο
1250 2581 1383 2643 Nimius
1405 2580 1493 2644 risus
1511 2581 1673 2644 indicium
1692 2593 1745 2646 est
1760 2583 1896 2648 animae
1911 2586 2146 2668 neglegentis3

1184 2741 1189 2746 .
1217 2761 1221 2766 Ι
1249 2707 1319 2760 non
1332 2708 1418 2771 ergo
1430 2689 1492 2752 tibi
1509 2690 1575 2771 ipsi
1592 2690 1774 2772 indulgeas
1789 2691 1868 2772 plus
1880 2690 2025 2756 diffundi
2039 2713 2144 2776 quam

1250 2799 1440 2864 subridere.

1182 2933 1227 2972 :ar
1249 2907 1444 2972 Alacritate
1467 2908 1580 2989 magis
1603 2923 1711 2986 utere,
1734 2929 1837 2990 quarn
1860 2911 2082 2976 resolutione.

1189 3043 1227 3082 aa
1250 3016 1433 3081 Castorum
1445 3017 1517 3080 vita
1534 3018 1578 3081 sit
1590 3018 1653 3081 tibi
1669 3018 1712 3080 ad
1727 3020 1921 3084 honestatis
1936 3021 2143 3102 exemplum.

1190 3153 1227 3191 sss
1250 3126 1428 3208 Optimum
1445 3126 1584 3208 quidem
1606 3137 1744 3192 estnon
1759 3149 1927 3210 peccare,¹
1940 3141 2144 3212 peccantem

1251 3257 1335 3301 vero
1355 3255 1557 3320 agnoscere,
1577 3257 1680 3318 quam
1701 3237 1862 3320 ignorare
1884 3240 2006 3302 melius
2029 3251 2091 3306 est.

1191 3373 1230 3410 -να
1251 3346 1389 3409 lactans
1413 3366 1483 3407 non
1505 3357 1559 3408 est
1582 3347 1819 3428 philosophus.

1191 3483 1229 3520 μυ
1250 3455 1418 3536 Magnam
1435 3455 1521 3518 scito
1538 3473 1616 3518 esse
1632 3456 1847 3538 sapientiam,
1860 3476 1924 3539 per
1936 3478 2041 3539 quam
2053 3457 2146 3524 ferre

1250 3576 1352 3646 potes
1375 3564 1626 3628 ineruditorum
1650 3567 1855 3648 inperitiam.

1189 3701 1227 3740 ns
1249 3675 1367 3758 Turpe
1390 3675 1507 3738 ducito
1529 3675 1671 3755 proprio
1693 3696 1754 3739 ore
1776 3677 1920 3743 laudari.

1189 3808 1226 3848 nr
1248 3781 1464 3863 Sapientium
1488 3783 1623 3850 animae
1646 3783 1859 3848 insatiabiles
1883 3786 1917 3849 in
1935 3805 2054 3850 amore
2077 3787 2143 3852 dei.

182 4061 234 4120 272
254 4060 344 4113 aliena
363 4058 386 4110 ll
405 4060 417 4128 ΙΙ
434 4057 480 4113 ‘ea
499 4059 612 4128 quidem
630 4056 711 4128 quao'
734 4065 762 4114 et
782 4056 869 4114 ‘sunt‘
892 4077 946 4112 om.
967 4061 1009 4126 Sl}
1022 4057 1128 4114 ‘Proba
1146 4059 1232 4114 verba
1253 4075 1330 4126 perp.
1351 4053 1392 4110 m?
1414 4057 1452 4124 οΙΙ
1466 4057 1518 4110 273
1537 4057 1614 4126 orig.
1635 4055 1663 4110 iu
1681 4057 1781 4114 Matth.
1804 4061 1845 4127 19,
1864 4063 1881 4114 3
1900 4060 1976 4130 (post
1995 4081 2015 4116 s.
2037 4065 2080 4133 13)
2100 4067 2144 4118 καί

145 4149 230 4203 πάλιν
246 4149 353 4215 προβάς
372 4150 403 4202 έν
421 4153 462 4217 τῶ
484 4150 569 4216 αὐτῷῚ
583 4148 678 4218 βιβλίῳ
697 4149 831 4217 ἀφορμὴν
850 4150 944 4214 διδοὺς
960 4149 1006 4202 ἐπὶ
1023 4151 1057 4202 τὸ
1076 4148 1274 4218 παραπλήσιον
1293 4148 1378 4212 λέγει·
1399 4145 1568 4213 ἀνθρώπους
1579 4145 1649 4210 ίδοις
1663 4146 1697 4200 ἀν
1710 4151 1769 4201 κτλ.
1782 4146 1975 4218 cl.Porph.34
1994 4151 2068 4220 (poet
2080 4152 2145 4218 274)

145 4237 278 4301 πολλάκις
296 4236 434 4300 κόπτουσί
451 4253 516 4290 τινα
533 4237 603 4304 μέρη
622 4238 668 4296 ἐπί
687 4237 816 4306 σωτηρίη
836 4237 912 4307 (τῶν
931 4240 1048 4304 λοιπῶν,
1068 4237 1103 4289 σύ
1123 4235 1147 4290 δ’
1167 4237 1212 4289 ἐπὶ
1231 4235 1373 4302 σωτηρίᾳ)
1393 4237 1445 4300 τῆς
1469 4239 1563 4300 ψυχῆς
1581 4235 1693 4299 ἕτοιμος
1714 4236 1763 4289 έσο
1787 4237 1821 4292 τὸ
1845 4237 1913 4291 ύλον
1936 4243 2019 4306 σῶμα
2041 4241 2145 4294 ἀποκό-

144 4342 225 4379 πτειν
238 4327 249 4392 ίΙ
262 4325 340 4391 ἀνθρ.
360 4326 410 4378 έάν
427 4326 489 4392 ἴδῃς
510 4321 545 4378 V:
564 4321 646 4379 ‘vidi'
668 4343 686 4378 x
698 4323 711 4394 ΙΙ
723 4327 834 4380 ἑαυτῶν
853 4328 898 4380 καί
918 4325 1068 4392 ῥίπτοντας
1086 4341 1140 4377 orn.
1161 4324 1193 4389 V,
1211 4326 1256 4377 καί
1275 4324 1426 4390 ῥίπτοντας
1445 4339 1498 4376 om.
1519 4322 1568 4390 Rn
1580 4324 1615 4376 τὰ
1635 4322 1703 4391 μέλη
1722 4324 1757 4376 P:
1777 4325 1847 4392 μέρη
1868 4325 1945 4398 Orig.
1959 4333 1971 4390 ἡ
1983 4330 2055 4396 ὑπὲρ
2074 4335 2146 4398 post.

145 4431 200 4467 om.
211 4412 233 4466 V
245 4412 259 4482 V
270 4413 357 4466 libere
370 4412 395 4464 X
468 4414 519 4466 274
539 4413 640 4482 Porph.
653 4413 689 4466 34
707 4414 813 4480 μεγάλη
827 4415 878 4466 οῦν
898 4412 1009 4468 παιδεία
1028 4415 1123 4482 ἄρχειν
1141 4416 1193 4466 τοῦ
1213 4413 1283 4477 σῶμ.
1297 4412 1308 4478 ΙΙ
1321 4407 1538 4482 ‘corporalibus'
1560 4409 1620 4464 VT:
1639 4409 1838 4480 ‘tdesiderann
1858 4416 1994 4470 carnalia’
2010 4415 2070 4469 GU:
2091 4435 2145 4471 om.

146 4521 195 4572 agr
213 4498 352 4572 ‘poenam’
377 4509 549 4572 corruptum,
568 4509 662 4557 ortum
676 4521 709 4556 ex
727 4505 801 4558 male
821 4503 961 4558 intellecto
979 4499 1159 4572 ‘optinueris'
1182 4503 1230 4569 (07·
1244 4496 1439 4556 ’007991987ίῖ
1461 4499 1534 4568 940),
1554 4517 1606 4553 ⁵⁰¹⁸·
1621 4500 1685 4554 f01'l·
1706 4497 1861 4570 ‘peritiam’
1884 4504 1917 4558 Cf·
1939 4504 2004 4567 '2⁸55
2025 4503 2146 4574 ‘Viden'

147 4585 227 4644 tiam'
252 4590 296 4642 Xx
316 4590 375 4659 (qui
396 4591 469 4644 inter
487 4591 539 4644 2b'i
559 4595 587 4644 et
607 4591 659 4648 272
678 4591 752 4659 coll.)
764 4591 777 4662 ΙΙ
789 4593 842 4660 γὰρ
862 4609 915 4644 om.
933 4591 957 4644 V
978 4586 1086 4658 l‘enim’
1108 4608 1162 4660 oni.
1180 4589 1241 4657 GU)
1253 4593 1265 4654 ΙΙ
1278 4589 1373 4654 παύση
1394 4587 1527 4655 ἐπιθυμία
1542 4605 1584 4642 κτ.
1605 4589 1622 4654 ἢ
1642 4605 1683 4655 χρ.
1704 4606 1745 4642 κτ.
1760 4589 1781 4642 Ρ
1854 4591 1906 4645 27ό
1925 4593 1955 4657 ὃς
1976 4611 1991 4646 e
2011 4594 2115 4648 corr.V
2134 4595 2148 4664 ΙΙ

147 4678 335 4746 ἀφαιρήσεται
355 4678 377 4730 V
389 4680 402 4746 ΙΙ
414 4679 552 4732 sententia
571 4679 703 4751 ambigua
720 4697 808 4748 neque
827 4681 861 4734 ab
875 4679 901 4733 R
919 4685 995 4734 recte
1012 4679 1168 4744 intellecta3
1184 4674 1282 4738 ‘homo
1302 4680 1394 4746 autern
1414 4677 1523 4746 sapiens
1542 4693 1592 4746 per
1612 4676 1768 4730 libertatern
1788 4695 1867 4732 suam
1880 4679 2039 4748 cupidinem
2059 4681 2146 4736 vincit

147 4777 176 4820 et
194 4767 297 4835 domat,
316 4767 385 4820 nihil
403 4768 476 4820 enirn
496 4775 538 4822 est
556 4768 631 4836 quod
649 4768 767 4822 hominis
787 4769 943 4822 libertatern
962 4763 1068 4822 vincat'
1090 4765 1116 4818 X
1128 4783 1177 4820 suo
1189 4781 1265 4832 more
1278 4763 1418 4832 explicans
1473 4763 1525 4818 276
1545 4771 1610 4818 anta
1623 4765 1675 4820 274
1688 4766 1832 4821 transtulit
1845 4766 1868 4818 V
1882 4767 1996 4834 iniuriam
2016 4769 2051 4823 cf.
2067 4770 2118 4824 119
2133 4768 2148 4839 ΙΙ

147 4855 181 4908 de
200 4855 301 4924 singul.
319 4853 487 4910 ‘libidinem'
508 4855 542 4909 cl.
563 4857 599 4910 ad
618 4857 653 4912 70
669 4860 681 4920 ΙΙ
700 4856 861 4920 ἀναγκαίως
879 4855 1031 4921 ἀναγκαίας
1050 4853 1072 4906 V
1092 4856 1104 4918 ll
1124 4851 1159 4906 ‘t.
1178 4869 1233 4906 non
1252 4851 1446 4906 necessariam'
1467 4851 1548 4919 GUcr
1569 4853 1581 4916 ll
1604 4853 1677 4908 inter
1696 4853 1748 4906 2777
1766 4861 1795 4908 et
1813 4855 1865 4908 277
1885 4855 1906 4908 P
1926 4856 2023 4910 inserit
2043 4859 2145 4914 Σέξτου

147 4949 255 5010 γνῶμαι
272 4943 305 4997 of.
316 4943 352 4996 ad
368 4945 415 4998 191
472 4945 524 4999 277
538 4945 641 5009 πάντες
653 4947 702 5009 μὲν
714 4947 786 5010 ἔχειν
796 4943 818 4996 Ρ
829 4952 864 4998 ct.
875 4945 900 4998 R
918 4947 930 5010 ΙΙ
942 4939 1075 4998 ‘exintro'
1089 4939 1142 5009 Wg
1154 4939 1166 5008 ΙΙ
1178 4957 1202 4994 τ.
1213 4944 1280 4994 θεοῦ
1291 4945 1315 5010 λ.
1326 4942 1513 5006 μετασχόντες
1523 4941 1559 4994 V:
1574 4941 1618 4994 lix
1629 4963 1662 4986 =
1673 4940 1695 4994 P
1708 4943 1780 5010 vid.;
1794 4942 1819 4998 R
1833 4944 1901 5013 quid
1914 4945 2015 5014 legerit
2028 4945 2145 5002 dubium

183 5033 235 5086 278
254 5030 488 5100 φιλοσκόπτηςΡ
549 5032 602 5086 279
623 5049 675 5084 om.
697 5033 788 5100 Ρὴτὰ
807 5049 861 5088 orn.
880 5031 980 5086 vidlt-
1044 5029 1113 5084 28οὓ
1131 5031 1233 5108 μηδιὰν
1253 5028 1274 5080 Ρ
1293 5029 1304 5097 ΙΙ
1322 5025 1410 5097 ‘plus'
1432 5031 1471 5082 A:
1490 5047 1578 5083 omn
1630 5031 1688 5096 281
1708 5029 1867 5086 ‘alacritate
1886 5034 2086 5102 mugientem‘
2104 5039 2144 5089 A:

147 5137 201 5172 orn.
215 5137 228 5170 z
242 5119 350 5188 (ceteris
363 5137 414 5188 pro
428 5121 533 5173 viribus
546 5121 672 5186 resuntis)
684 5120 697 5190 ΙΙ
708 5119 714 5135 ‘
724 5117 905 5176 resolutione‘
921 5126 963 5176 est
977 5121 1098 5188 σπουδῇ,
1117 5135 1172 5172 που
1186 5118 1311 5182 διαχύσει
1331 5117 1376 5183 (of.
1388 5117 1460 5184 280),
1479 5116 1587 5171 inflexit
1600 5122 1669 5174 aaut.
1685 5117 1709 5172 R
1764 5119 1817 5174 282
1826 5139 1862 5166 =
1872 5119 1925 5174 578
1938 5121 1986 5175 ubi
1999 5139 2053 5176 orn.
2062 5122 2089 5184 l>
2103 5123 2143 5190 (π,

146 5212 199 5262 τοῦ
212 5213 314 5272 σεμνοῦ
329 5209 414 5276 recte)
427 5209 438 5275 ΙΙ
452 5209 548 5272 ἁγνῶν
560 5207 584 5262 R
597 5209 608 5276 ἡ
621 5209 708 5276 όβίος
722 5208 941 5272 οτυ.711π.τοῦ
955 5215 1060 5274 σεμνοῦ
1074 5228 1091 5262 x
1104 5208 1160 5262 rid.
1174 5213 1203 5262 et
1215 5207 1280 5260 fort.
1298 5206 1338 5260 nil
1351 5206 1428 5260 aliud
1441 5205 1477 5259 R:
1499 5206 1629 5275 ‘propter
1648 5207 1781 5264 mundum
1800 5208 1880 5262 illurn
1898 5215 2003 5266 eastum
2024 5213 2070 5284 qui
2089 5229 2144 5266 non

146 5292 260 5350 transit’
275 5294 393 5350 X=PV
448 5297 597 5352 283=595
610 5296 670 5365 (ubi
682 5314 737 5354 orn.
747 5297 778 5366 P)
792 5297 818 5351 ἀ.
829 5315 856 5364 μ,
869 5298 903 5350 τὸ
916 5299 953 5364 μὴ
967 5299 1144 5365 ἁμαρτάνειν,
1158 5296 1320 5362 ἁμαρτόντα
1333 5295 1363 5347 δέ
1377 5296 1491 5360 ἄμεινον
1502 5297 1618 5360 μηνύειν
1630 5296 1647 5361 ἢ
1662 5297 1795 5362 κρύπτειν
1808 5301 1932 5366 (prorsus
1947 5299 2019 5352 idem
2033 5300 2058 5352 X
2071 5300 2146 5356 inter

148 5385 182 5440 10
195 5390 224 5436 et
238 5386 267 5437 ll
290 5385 351 5450 ins.)
367 5384 448 5454 Pyth.
463 5387 498 5438 89
516 5388 612 5454 πολλῷ
632 5388 746 5453 ἀμεινον
766 5388 802 5451 μὴ
823 5387 1000 5454 ἁμαρτάνειν,
1021 5386 1219 5453 ἁμαρτάνοντα
1238 5387 1273 5454 (v.
1284 5387 1302 5440 1.
1321 5386 1493 5454 ἁμαρτόντα)
1514 5388 1545 5441 δέ
1565 5388 1679 5452 ἄμεινον
1695 5404 1723 5453 γ.
1743 5390 1761 5454 ἢ
1782 5389 1842 5454 ἀγν.
1856 5391 1868 5458 ἡ
1879 5389 1945 5446 'est’
1958 5393 2009 5446 bis
2023 5390 2111 5446 omi}
2130 5391 2144 5461 ll

146 5475 309 5542 ἁμαρτόντα
328 5473 351 5526 V
424 5473 476 5528 287)
496 5476 674 5542 ι-Μεγάλην
688 5475 724 5542 V;
743 5475 824 5544 Pyth.
837 5475 871 5528 69
893 5493 920 5542 μ.
933 5474 1061 5529 παιδείαν
1073 5478 1132 5528 κτλ.
1151 5475 1187 5543 (v.
1199 5473 1216 5528 l.
1236 5477 1270 5528 δι’
1288 5475 1336 5542 ἢν)
1348 5475 1361 5542 ΙΙ
1372 5472 1456 5530 ‘esre’
1478 5495 1531 5532 orn.
1544 5478 1562 5532 J
1575 5478 1586 5546 ΙΙ
1599 5481 1633 5533 δι’
1651 5481 1687 5546 ἣν
1705 5480 1746 5533 Ρκ
1818 5482 1870 5534 286
1889 5481 1974 5552 ἡγοῦ]
1993 5481 2075 5537 αίδοῦ
2092 5481 2113 5534 Ρ
2133 5481 2145 5552 ἡ

146 5563 192 5616 διά
211 5566 294 5626 σῶμα
305 5561 369 5614 VX:
389 5564 434 5616 διὰ
453 5565 544 5628 στόμα
562 5565 593 5630 P,
612 5565 675 5617 inde
695 5564 733 5618 Rl
753 5565 851 5631 (λόγον
869 5566 943 5630 έχων
961 5580 1015 5617 om.
1036 5563 1097 5632 ΒΧ)
1169 5565 1221 5618 287
1240 5565 1408 5632 φιλοσόφων
1427 5565 1448 5618 P
1469 5564 1486 5632 (¹
1494 5568 1665 5636 sapientum'
1685 5568 1716 5638 g)
1728 5569 1740 5637 ἡ
1753 5569 1813 5624 289.
1834 5570 1886 5624 287
1905 5571 1967 5624 coll.
1987 5589 2004 5624 x
