5046 6802
1332 565 1461 632 XXIV

400 780 437 819 uu
458 753 564 832 Λόγου
583 758 654 835 περὶ
677 758 756 820 θεοῦ
778 756 893 836 φείδου
918 759 1040 834 μᾶλλον
1061 756 1080 834 ἢ
1103 756 1174 834 περί
1195 760 1313 835 ψυχῆς.

400 997 438 1036 σοι
460 971 572 1050 Ψυχὴν
584 971 934 1052 αίρετώτερονῆλόγον
943 972 1009 1050 εἰκῆ
1017 973 1177 1052 προέσθαι
1185 974 1256 1052 περὶ
1270 977 1357 1038 θεοῦ.

401 1079 646 1158 ωιίθεοφιλοῦς
668 1077 788 1158 ἀνδρὸς
812 1080 964 1160 σώματος
987 1081 1044 1157 μέν
1066 1077 1181 1158 ἄρξεις,
1204 1079 1304 1156 λόγου
1320 1081 1356 1144 δὲ

460 1186 499 1252 οὐ
521 1187 708 1266 κυριεύσεις.

399 1295 574 1376 τωίΣοφοῦ
594 1297 748 1376 σώματος
767 1296 819 1360 καὶ
843 1297 926 1362 λέων
943 1295 1042 1378 ἄρχει,
1065 1297 1181 1362 τούτου
1198 1299 1236 1374 δὴ
1254 1297 1356 1376 μόνου

460 1407 512 1470 καὶ
534 1407 703 1485 τύραννος.

399 1543 438 1581 σοι
456 1513 540 1579 Ὑπὸ
566 1514 726 1593 τυράννου
751 1515 922 1594 γινομένης
948 1513 1081 1594 ἀπειλῆς
1109 1516 1197 1595 τίνος
1228 1515 1257 1580 εί
1282 1515 1356 1581 τότε

409 1641 411 1644 ·
458 1623 596 1704 μάλιστα
618 1625 771 1703 μέμνησο.
1224 1643 1226 1648 ⁴

398 1760 436 1800 ια
460 1733 567 1810 Λόγον
588 1731 639 1812 οἷς
662 1734 701 1798 οὐ
722 1735 812 1814 θέμις
835 1735 853 1798 δ
873 1736 976 1811 λέγων
996 1735 1068 1814 περὶ
1090 1738 1168 1800 θεοῦ
1191 1734 1354 1814 προδότης

459 1847 535 1907 θεοῦ
557 1843 743 1922 νομιζέσθω.

398 1979 437 2018 σω
460 1953 569 2030 Λόγον
590 1953 662 2032 περὶ
685 1957 761 2018 θεοῦ
785 1957 880 2030 σιγᾶν
903 1953 1034 2034 ἄμεινον
1056 1955 1075 2031 ἢ
1098 1958 1267 2034 προπετῶς
1290 1959 1354 2018 δια-

459 2064 620 2139 λέγεσθαι.

398 2195 436 2234 σοι
455 2164 495 2235 ‘0
513 2173 618 2247 λέγων
639 2177 744 2249 ψευδῆ
767 2173 840 2252 περὶ
862 2177 938 2239 θεοῦ
960 2174 1197 2252 καταψεύδεται
1219 2178 1306 2239 θεοῦ.

398 2305 437 2344 res
457 2279 651 2360 Ἀνθρωπος
679 2283 779 2362 μηδὲν
806 2281 890 2361 ἔχων
913 2283 1018 2360 λέγειν
1042 2284 1115 2361 περὶ
1137 2289 1213 2349 θεοῦ
1236 2282 1355 2366 ἀληθὲς

425 2427 428 2433 ,
457 2389 577 2469 ἔρημός
599 2391 689 2457 ἐστιν
710 2394 797 2456 θεοῦ.

398 2523 436 2562 σω
458 2498 543 2564 Θεὸν
565 2498 623 2563 οὐκ
645 2498 733 2564 ἔστιν
755 2499 925 2575 γινώσκειν
946 2501 987 2580 μὴ
1010 2501 1198 2581 σεβόμενον.

397 2633 436 2676 ιω
457 2607 522 2672 Οὐκ
544 2607 632 2673 ἔστιν
653 2607 746 2688 ὅπως
771 2607 891 2676 ἀδικῶν
917 2630 966 2688 τις
988 2608 1160 2688 ἄνθρωπον
1183 2611 1274 2692 σέβοι
1297 2613 1355 2676 τὸν

456 2715 543 2780 θεόν.

396 2851 434 2890 un
458 2826 576 2904 Κρηπὶς
599 2825 792 2905 θεοσεβείας
817 2827 1051 2905 φιλανθρωπία.

395 2960 434 2999 un
453 2932 491 2998 ‘0
520 2939 673 3013 προνοῶν
701 2933 883 3014 ἀνθρώπων
909 2935 1085 3015 εὐχόμενός
1108 2958 1142 3002 τε
1169 2937 1249 3017 ὑπὲρ
1275 2939 1355 3006 πάν-

456 3065 522 3108 των
544 3043 642 3122 οὗτος
664 3043 798 3128 ἀληθείᾳ
820 3049 897 3110 θεοῦ
919 3047 1107 3124 νομιζέσθω.

395 3178 434 3218 στι
456 3154 541 3218 θεοῦ
563 3155 621 3234 μὲν
642 3151 725 3219 ἴδιον
748 3154 786 3218 τό
811 3153 926 3220 σώζειν
949 3155 1007 3235 οῦς
1030 3155 1070 3220 ἂν
1093 3160 1293 3236 προαιρῆται.

395 3287 434 3327 στι
456 3262 625 3342 Εὐσεβοῦς
647 3263 742 3327 δὲτὸ
765 3253 914 3342 εὔχεσθαι
936 3270 1000 3350 θεῷ
1023 3265 1147 3331 σώζειν.

396 3504 433 3544 οτι
452 3478 596 3546 Ὀπόταν
612 3481 774 3566 εὐξαμένῳ
791 3497 845 3546 σοι
862 3483 991 3561 γένηται
1005 3483 1068 3549 ὑπὸ
1090 3489 1148 3550 τοῦ
1169 3491 1256 3568 θεοῦ,
1278 3489 1352 3555 τότε

456 3589 606 3656 ἐξουσίαν
629 3589 713 3669 ἔχειν
735 3591 817 3669 ἡγοῦ
839 3592 927 3670 παρὰ
950 3597 1023 3677 θεῷ.

393 3830 431 3870 ,ιιι
452 3805 559 3884 Ἄξιος
582 3805 755 3886 ἄνθρωπος
778 3810 856 3872 θεοῦ
880 3808 956 3886 θεὸς
978 3807 1014 3872 έν
1035 3808 1228 3890 ἀνθρώποις.

393 3915 540 3993 suetos
564 3915 615 3980 καὶ
637 3914 707 3994 υίὸς
730 3921 807 3980 θεοῦ
830 3918 868 3980 τὸ
890 3919 948 3998 μέν
971 3917 1116 3998 ἄριστον,
1142 3920 1180 3985 τὸ
1203 3922 1239 3985 δὲ
1262 3922 1352 3998 ἐγγυ-

455 4024 541 4088 τάτω
564 4029 622 4089 τοῦ
645 4023 789 4103 ἀρίστου.

394 4159 431 4198 στι
452 4122 634 4213 Ἀκτήμονα
656 4137 801 4212 κρεῖττον
823 4135 842 4211 ἢ
865 4133 1084 4214 ἀκοινώνητον
1099 4136 1179 4203 είναι
1194 4142 1350 4219 πολυκτή-

455 4263 547 4323 μονα.

1441 778 1479 818 σοι
1501 753 1656 816 Verbum
1673 753 1717 816 de
1733 753 1799 817 deo
1821 754 1960 835 parcius
1979 751 2137 834 proferto
2161 752 2275 832 magis
2293 771 2396 833 quam

1502 864 1547 926 de
1569 849 1691 926 anima.
1952 866 2047 939 [num
2070 863 2115 924 de
2138 862 2205 924 deo
2229 859 2392 942 proferre.

1441 997 1480 1036 αν
1501 971 1627 1036 Melius
1643 983 1696 1035 est
1712 972 1861 1035 animam
1883 972 2041 1054 perdere,
2056 989 2161 1052 quam
2177 970 2323 1033 verbum
2338 989 2393 1032 va·

1441 1080 1575 1148 ere·Viri
1603 1081 1750 1144 amantis
1776 1081 1879 1144 deum
1906 1079 2063 1161 corporis
2088 1089 2300 1161 potestatem
2322 1077 2392 1159 qui·

1503 1192 1581 1254 dem
1604 1191 1762 1271 habebis,
1792 1211 1859 1253 non
1883 1189 2117 1253 dominaberis
2139 1207 2224 1251 vero
2247 1187 2390 1252 animae.

1439 1301 1493 1366 aab
1501 1299 1666 1382 Corporis
1689 1300 1828 1384 quidem
1850 1301 1957 1362 habet
1976 1308 2188 1381 potestatem
2211 1308 2246 1360 et
2265 1296 2331 1380 leo,
2354 1297 2396 1358 si·

1500 1410 1627 1473 militer
1649 1419 1684 1474 et
1705 1422 1881 1492 tyrannus.

1440 1545 1479 1586 ιιι
1501 1519 1586 1584 Cum
1608 1519 1758 1583 minatur
1774 1531 1950 1601 tyrannus,
1974 1517 2071 1582 cuius
2086 1516 2132 1580 sis
2147 1527 2228 1580 tunc
2242 1515 2390 1578 maxime

1498 1649 1632 1692 memor
1654 1641 1741 1694 esto.

1439 1765 1477 1804 σα
1498 1739 1655 1802 Verbum
1677 1738 1736 1820 qui
1759 1737 1910 1819 loquitur
1932 1736 1976 1800 de
1999 1738 2067 1800 deo
2089 1734 2153 1810 his,
2177 1734 2301 1816 quibus
2322 1751 2390 1794 non

1499 1849 1588 1928 licet,
1611 1845 1770 1929 proditor
1793 1846 1849 1910 dei
1871 1846 2046 1928 putandus
2069 1855 2132 1910 est.

1439 1982 1478 2022 ωε
1499 1956 1656 2020 Verbum
1672 1956 1716 2019 de
1733 1956 1799 2018 deo
1822 1954 1969 2017 reticere
1982 1961 2140 2034 praestat
2160 1951 2275 2034 magis
2288 1970 2391 2032 quam

1500 2077 1632 2130 temere
1655 2063 1821 2146 proferre.
1950 2063 2065 2142 [deum
2088 2061 2214 2124 falsum
2233 2059 2392 2142 loquitur.

1439 2199 1477 2238 τοι
1500 2172 1567 2255 Qui
1594 2173 1676 2236 dicit
1700 2172 1744 2235 de
1767 2174 1833 2234 deo
1857 2189 1909 2252 ea,
1941 2189 2032 2251 quae
2059 2188 2127 2232 non
2154 2176 2242 2250 sunt,
2275 2178 2394 2231 contra

1439 2309 1478 2347 aaa
1499 2283 1626 2358 Hom0,
1662 2281 1720 2364 qui
1752 2281 1836 2344 nihil
1867 2280 1976 2343 habet
2007 2278 2101 2360 quod
2131 2277 2224 2340 dicat
2254 2277 2298 2340 de
2329 2277 2394 2338 deo

1500 2411 1594 2465 vere,
1617 2394 1776 2455 desertus
1799 2399 1853 2453 est
1875 2409 1897 2452 a
1919 2390 1996 2452 deo.

1439 2527 1477 2566 σα
1499 2501 1613 2565 Deum
1635 2521 1705 2564 non
1729 2500 1895 2582 cog-novit
1915 2497 1974 2580 qui
1995 2517 2063 2561 non
2088 2496 2180 2560 colit.

1439 2637 1479 2677 ero
1499 2611 1577 2675 Non
1602 2622 1655 2674 est
1676 2629 1807 2687 verum,
1832 2608 1927 2690 quod
1950 2608 2051 2671 deum
2068 2607 2177 2678 colat,
2207 2605 2265 2686 qui
2287 2603 2393 2667 homi·

1499 2742 1577 2785 nem
1600 2720 1717 2783 laedit.
2211 2713 2394 2796 [homines.

1439 2857 1477 2896 en
1499 2830 1775 2893 Fundamentum
1790 2839 1824 2892 et
1839 2827 1971 2890 initium
1988 2835 2041 2890 est
2059 2825 2170 2889 cultus
2191 2824 2247 2887 dei
2277 2841 2393 2886 amare

1438 2966 1476 3006 en
1499 2938 1566 3022 Qui
1589 2939 1765 3003 hominum
1790 2957 1908 3002 curam
1929 2935 2023 3019 gerit
2047 2944 2082 2997 et
2105 2943 2183 2996 orat
2204 2932 2306 2996 deum
2330 2950 2394 3014 pro

1500 3049 1559 3122 eis,
1581 3048 1647 3112 iste
1669 3067 1753 3110 vere
1775 3067 1797 3108 a
1819 3048 1886 3109 deo
1911 3063 1989 3109 esse
2010 3045 2187 3127 putandus
2211 3052 2276 3104 est.

1438 3185 1476 3225 eu
1497 3159 1567 3223 Dei
1591 3156 1768 3240 proprium
1783 3166 1836 3220 est
1858 3156 1995 3219 salvare
2012 3172 2101 3236 quos
2115 3153 2240 3234 dignos
2254 3149 2394 3213 iudicat.

1438 3294 1477 3334 στι
1501 3267 1651 3333 Cultoris
1669 3275 1786 3328 autem
1810 3264 1865 3326 dei
1881 3277 1935 3328 est
1958 3281 2060 3327 orare
2075 3264 2178 3325 deum
2200 3279 2265 3342 pro
2281 3259 2393 3322 salute

1498 3377 1683 3440 hominum.

1438 3512 1476 3552 στι
1500 3484 1584 3550 Cum
1611 3484 1723 3548 oranti
1750 3483 1812 3547 tibi
1837 3481 2042 3565 praestitum
2065 3479 2178 3561 fuerit,
2207 3479 2302 3561 quod
2330 3496 2394 3559 po·

1498 3595 1642 3676 poscisti
1658 3615 1678 3656 a
1696 3595 1773 3670 deo,
1790 3603 1871 3655 tunc
1883 3592 1945 3655 tibi
1959 3599 2171 3673 potestatem
2186 3587 2392 3670 permissam

1499 3725 1520 3766 a
1543 3705 1610 3766 deo
1634 3703 1809 3784 intellege.

1437 3839 1475 3879 no
1497 3812 1635 3894 Dignus
1657 3813 1724 3874 deo
1747 3813 1853 3873 homo
1877 3811 1964 3873 deus
1988 3818 2040 3872 est
2062 3807 2096 3870 in
2118 3807 2327 3869 hominibus,

1436 4165 1473 4205 un
1495 4139 1620 4203 Melius
1637 4149 1690 4202 est
1705 4157 1774 4200 non
1796 4138 1936 4210 habere,
1960 4153 2064 4216 quam
2080 4135 2188 4196 multa
2202 4134 2390 4195 habentem

1495 4249 1620 4312 nemini
1641 4247 1816 4329 inpertire.

428 4443 479 4495 361
502 4445 607 4506 μᾶλλον
619 4442 718 4510 φείδου
733 4442 770 4506 V;
789 4440 906 4514 ‘magis'
922 4461 974 4498 om.
988 4445 1014 4514 J,
1033 4445 1068 4500 of.
1081 4447 1133 4500 366
1182 4449 1235 4502 362
1247 4449 1328 4517 Pyth.
1343 4451 1393 4505 123
1405 4469 1435 4517 ψ.
1449 4451 1543 4516 νόμιζε
1558 4449 1610 4516 αίρ.
1625 4451 1698 4503 εῖναι
1717 4449 1852 4515 προέσθαι
1871 4448 1889 4513 ἢ
1908 4450 1932 4499 λ.
1953 4445 2121 4512 βλάσφημον
2140 4459 2169 4495 π.
2189 4446 2214 4495 θ.
2233 4439 2338 4508 Porph.
2358 4437 2391 4492 15

393 4529 469 4598 (post
481 4531 543 4594 360)
561 4531 655 4596 νόμιζε
668 4530 720 4598 αλρ.
736 4533 769 4584 εί.
783 4537 865 4596 σιγᾶν
878 4531 924 4600 (of.
937 4533 1000 4600 366)
1020 4535 1037 4599 ἢ
1057 4538 1080 4588 λ.
1095 4535 1154 4602 είκῆ
1168 4537 1248 4603 προέ.
1260 4555 1288 4591 π.
1303 4541 1327 4592 θ.
1342 4540 1519 4607 βπροθέσθαι
1538 4540 1583 4594 έπί
1605 4538 1650 4604 (of.
1665 4537 1765 4605 36Ο)Ρ
1833 4534 1930 4588 36341)
1951 4535 1979 4587 in
1999 4532 2023 4585 R
2042 4538 2073 4586 ut
2092 4549 2176 4600 supra
2193 4531 2245 4584 soli
2264 4528 2316 4583 GU
2335 4525 2391 4592 (384

393 4614 501 4671 ‘habet'
524 4635 577 4672 om.
597 4617 630 4680 G,
647 4615 694 4672 ‘ut
712 4615 767 4674 leo’
790 4619 839 4675 GU
859 4621 893 4674 σί.
914 4623 930 4676 i.
949 4621 1022 4691 VTJ:
1050 4621 1089 4678 ‘v.
1109 4642 1133 4677 a.
1153 4625 1181 4678 d.
1201 4644 1223 4679 o.
1242 4632 1410 4694 potestatem
1433 4628 1518 4682 hebet
1543 4629 1586 4682 leo
1609 4633 1638 4682 et
1655 4633 1709 4696 tyr.
1730 4628 1800 4682 sim!
1819 4631 1893 4691 (cett.
1913 4626 1979 4693 om.)
1999 4640 2033 4692 ag
2050 4619 2241 4690 (potestatem
2261 4610 2387 4686 quidem'

393 4704 431 4758 V:
450 4703 588 4775 ‘corporis
608 4703 733 4774 quidam’
758 4709 793 4769 T;
810 4705 854 4762 ‘et
872 4711 915 4764 leo
935 4711 995 4765 sim.
1009 4715 1037 4766 σί
1048 4709 1109 4780 tyn'
1131 4713 1191 4780 V'r;
1210 4711 1299 4784 ‘corp
1317 4721 1437 4784 tuntum,
1458 4734 1513 4771 non
1526 4723 1618 4771 autem
1638 4717 1747 4771 animae
1759 4721 1817 4785 pot.
1834 4717 1927 4784 potest
1944 4712 2047 4766 hebere
2059 4711 2077 4764 l.
2091 4710 2133 4763 vel
2152 4702 2179 4762 δ’
2194 4724 2227 4760 ex
2248 4705 2321 4758 ooni.
2335 4705 2363 4772 S)
2376 4702 2389 4772 ΙΙ

393 4793 461 4848 363b
482 4796 555 4863 ἄρξει
574 4796 595 4848 Ρ
615 4801 651 4850 ct.
671 4795 695 4848 R
715 4799 728 4861 ss
750 4799 855 4852 τούτου
873 4800 907 4864 δὴ
925 4818 952 4865 μ.
972 4817 996 4853 κ.
1015 4802 1076 4868 τύρ.
1095 4803 1132 4856 ad
1150 4803 1202 4857 364
1223 4803 1248 4856 V
1337 4807 1390 4860 364
1408 4807 1562 4873 γενομένης
1575 4807 1600 4859 V
1612 4807 1623 4875 ΙΙ
1635 4803 1724 4860 ‘cum’
1743 4805 1804 4859 GU:
1823 4801 1899 4858 ‘oum
1918 4801 1982 4855 tibi'
2001 4817 2035 4870 πμ
2047 4801 2059 4867 ΙΙ
2071 4799 2139 4866 ‘tyn
2158 4791 2231 4849 min.⁸
2252 4794 2390 4860 ΒΙΙΤΝὸς

392 4882 439 4936 PV
452 4883 464 4951 ΙΙ
477 4883 571 4938 είποτε
591 4884 639 4953 Vn
651 4887 771 4951 μάλιστα
790 4888 875 4941 omP
896 4889 970 4943 eeu
1042 4891 1095 4944 365
1113 4892 1199 4956 λόγου
1220 4893 1256 4947 ad
1273 4893 1327 4948 364
1345 4893 1542 4963 σύασκιιπιίίΙΙ
1554 4892 1686 4948 ‘verbum
1707 4892 1781 4962 quod
1801 4909 1857 4945 non
1870 4885 1958 4944 deoet'
1981 4889 2029 4954 ΧΙΙ
2042 4885 2091 4941 ‘de
2109 4886 2160 4941 deo
2179 4883 2228 4952 qui
2246 4877 2387 4950 loquitur'

392 4988 426 5040 zg
444 4987 502 5026 exo.
522 4971 571 5026 GU
644 4975 710 5029 366:
731 4976 824 5040 Λόγον
843 4975 891 5047 VH
903 4974 1016 5048 ‘magis'
1038 4995 1091 5032 om.
1106 4979 1152 5032 GT
1164 4985 1175 5045 ΙΙ
1188 4977 1339 5049 ‘proferre'
1360 4982 1396 5040 of.
1415 4982 1469 5036 362
1549 4983 1601 5036 368
1620 4999 1650 5036 π.
1667 4987 1734 5037 θεοῦ
1754 4983 1810 5046 λέγ.
1832 4978 1941 5048 Vll‘de
1959 4979 2019 5045 de0,
2038 4993 2102 5030 vere
2121 4969 2183 5028 des.'
2207 4990 2239 5042 μς
2257 4968 2304 5024 ‘re
2323 4987 2391 5024 ver&

392 5059 436 5114 dei
455 5078 553 5130 expers
572 5058 623 5116 σοι’
645 5081 662 5115 x
735 5065 788 5118 369
807 5067 988 5131 σεβόμενοςΡ
1061 5069 1115 5121 370
1133 5068 1242 5136 οπι.ΡΙΙ
1255 5070 1341 5138 σέβοι]
1361 5067 1551 5141 ‘cognoscere'
1573 5075 1615 5136 (σιτ
1628 5071 1682 5125 369
1695 5070 1769 5139 quod
1782 5067 1892 5137 om.)X
1969 5057 2389 5130 3712-npnnqv31'ytb56

391 5147 505 5216 (Porph.
524 5149 568 5212 35)
596 5167 637 5216 κρ.
661 5152 802 5218 εὐσεβείας
825 5155 842 5218 ἡ
867 5169 897 5219 φ.
922 5168 967 5208 σοι
989 5155 1145 5220 νομιζέσθω
1171 5161 1224 5217 (σοι
1242 5175 1304 5223 νομ.
1324 5161 1342 5224 ἡ
1363 5179 1394 5228 φ.
1414 5158 1789 5228 Porph.)ss‘fundumenium
1816 5163 1845 5211 et
1868 5150 1991 5210 initium'
2013 5154 2053 5208 R:
2080 5143 2220 5205 ‘initium'
2246 5147 2279 5216 X,
2299 5147 2336 5202 of.
2355 5147 2388 5200 86

426 5236 479 5290 372
497 5237 614 5290 πάντων
627 5237 704 5292 PVx:
723 5237 787 5293 ‘eis’
811 5242 930 5308 (αὐτῶν)
950 5241 1002 5296 RX
1018 5245 1029 5308 ΙΙ
1047 5243 1164 5310 ἀλήθεια
1182 5246 1203 5299 Ρ
1295 5249 1347 5302 373
1367 5249 1417 5303 έύν
1430 5250 1451 5303 Ρ
1465 5249 1477 5315 ΙΙ
1488 5245 1555 5303 ‘est'
1577 5267 1631 5303 om.
1642 5248 1659 5302 S
1672 5251 1684 5318 ΙΙ
1695 5246 1780 5317 ‘quos
1797 5243 1871 5300 vult’
1894 5246 1933 5314 X3
1952 5243 2081 5313 ‘dignos’
2100 5239 2190 5295 omU
2280 5236 2336 5292 374
2355 5238 2388 5290 τὸ

391 5323 487 5378 om.V
551 5327 673 5381 θτότοο
693 5345 747 5382 om.
767 5327 869 5394 Vu‘te
888 5331 991 5385 donum
1010 5332 1096 5386 adeo
1115 5331 1262 5402 eooepisse'
1284 5336 1317 5396 X,
1337 5337 1372 5392 σί.
1385 5339 1420 5392 60
1491 5338 1558 5392 376·
1578 5338 1657 5407 Pyth.
1677 5339 1695 5391 4
1714 5336 1829 5406 (Porph.
1849 5335 1881 5389 15
1899 5339 1964 5404 post
1980 5351 2000 5388 ε.
2019 5333 2037 5386 4
2056 5330 2090 5386 of.
2110 5331 2152 5398 7⁸)
2171 5331 2197 5383 d.
2217 5329 2243 5382 ἅ.
2263 5331 2287 5380 θ.
2308 5331 2334 5380 θ.
2355 5327 2390 5378 ἂν

392 5413 433 5480 είη
455 5415 485 5468 ἐν
504 5415 529 5468 d.
549 5417 591 5482 (ἐν
609 5417 687 5484 ἀνθρ.
707 5435 760 5472 om.
780 5418 892 5488 Porph.)
916 5425 927 5484 ΙΙ
952 5425 1019 5475 θεοῦ
1039 5439 1092 5476 orn.
1111 5421 1133 5475 P
1153 5429 1189 5478 ct.
1208 5425 1233 5478 R
1306 5426 1373 5480 376ν
1393 5445 1447 5480 om.
1468 5427 1508 5496 R;
1534 5425 1615 5482 ‘deus
1641 5427 1714 5481 enim
1738 5431 1767 5479 et
1789 5423 1863 5478 filius
1882 5424 1927 5477 dei
1946 5422 2042 5476 eodem
2066 5421 2127 5474 looo
2146 5418 2285 5472 habentur
2305 5419 2390 5482 utque

391 5501 505 5568 spiritus
526 5509 636 5558 sanctus
655 5505 683 5574 (ί)
702 5505 750 5574 Xll
764 5508 920 5572 ἐγγύτατον
939 5509 961 5562 Ρ
1033 5511 1085 5566 377
1103 5509 1188 5566 ‘nihil
1208 5511 1323 5569 habere’
1344 5515 1475 5570 VTGUor
1495 5517 1507 5584 ΙΙ
1528 5513 1624 5585 ‘quam
1643 5515 1784 5585 possidere
1803 5513 1917 5581 aliquid,
1946 5513 2021 5580 quod
2040 5525 2095 5562 non
2114 5523 2176 5562 oum
2195 5504 2293 5558 multis
2315 5519 2389 5557 com·

390 5585 523 5644 munioet’
547 5592 595 5660 ΧΗ
608 5591 778 5664 ‘impertire’
800 5595 903 5663 JU(w):
924 5595 1089 5668 ‘impertiri'
1112 5619 1145 5670 zg
1166 5601 1199 5656 of.
1219 5601 1271 5657 266
