5046 6802
1332 547 1461 613 XXVI

398 758 437 798 ιω
459 731 543 795 Θεοῦ
566 732 665 796 καλὸν
687 731 783 810 ἔργον
808 731 931 811 ἀγαθός
955 730 1135 810 ἄνθρωπος.

400 868 437 906 000
458 840 593 918 Ἀθλιοι,
619 839 657 905 δι’
680 840 739 918 οὓς
761 840 780 903 ό
801 839 899 918 λόγος
919 839 1028 904 όικοῦει
1053 845 1169 918 κακῶς.

399 975 437 1015 001
460 950 570 1028 Ψυχὴν
593 948 733 1028 θάνατος
757 948 816 1012 οὐκ
840 948 1029 1028 ἀπόλλυσιν,
1052 949 1133 1013 ἀλλὰ
1155 950 1253 1029 κακὸς
1275 950 1353 1028 βίος.

400 1085 438 1124 000
461 1058 553 1138 Πρός
574 1057 592 1121 ὃ
615 1056 753 1136 γέγονας
775 1056 869 1134 εἰδὼς
890 1057 1002 1140 γνώσῃ
1026 1056 1158 1120 σαυτόν.

399 1194 437 1232 000
459 1169 526 1233 Οὐκ
548 1167 636 1232 ἔστιν
658 1168 738 1230 κατὰ
761 1167 837 1231 θεὸν
856 1171 913 1243 Ζῆν
935 1165 1013 1230 ἄνευ
1029 1171 1086 1230 τοῦ
1103 1166 1288 1246 σωφρόνως
1304 1170 1355 1232 καί

460 1281 567 1356 καλῶς
590 1277 641 1340 καὶ
663 1276 794 1354 δικαίως
815 1275 974 1354 πράττειν.

400 1413 437 1450 400
455 1386 654 1464 Ἀνθρώπων
677 1384 820 1449 ἀπίστων
843 1386 911 1465 βίος
934 1384 1072 1464 ὄνειδος.

400 1523 437 1560 401
460 1495 595 1570 Μήποτε
622 1493 723 1576 λάθῃς
750 1494 872 1558 σαυτόν
900 1493 1009 1569 ἀγενεῑ
1035 1495 1134 1572 φύσει
1162 1497 1355 1574 μεταδιδοὺς

457 1605 558 1680 λόγου
582 1606 667 1667 θεοῦ,

400 1739 437 1777 400
460 1713 571 1790 Ψυχὴν
596 1711 659 1776 ἀπὸ
682 1715 742 1791 γῆς
764 1712 871 1790 πίστις
893 1711 1004 1786 ἀνάγει
1027 1713 1114 1790 παρὰ
1137 1712 1226 1776 θεόν.

400 1848 437 1886 400
460 1823 573 1900 Σοφοῦ
603 1827 710 1900 ψυχῆς
739 1823 874 1898 μέγεθος
901 1821 960 1885 οὐκ
994 1821 1034 1884 ἂν
1061 1821 1203 1899 ἐξεύροις
1234 1825 1356 1898 μᾶλλον

459 1931 540 2010 ἤπερ
563 1933 615 1995 καὶ
638 1935 725 1996 θεοῦ.

399 2067 436 2104 404
459 2042 545 2106 ‘'Ooo
567 2043 700 2106 δίδωσιν
723 2041 741 2105 δ
764 2041 849 2120 θεός,
873 2041 979 2120 οὐδεὶς
1004 2040 1195 2120 ἀφαιρεῖται.

401 2175 438 2213 400
459 2151 500 2214 “0
522 2152 653 2230 παρέχει
675 2151 807 2228 κόσμος,
831 2152 966 2230 βεβαίως
989 2149 1029 2214 οὐ
1050 2154 1150 2228 τηρεῖ.

400 2284 438 2322 000
460 2261 539 2325 Θεία
561 2261 664 2335 σοφία
685 2259 704 2336 ἡ
725 2264 783 2323 τοῦ
807 2263 883 2323 θεοῦ
904 2265 1033 2336 γνιῦσις.

400 2393 437 2431 400
460 2359 645 2450 Ἀκαθάρτψ
668 2373 754 2450 ψυχῇ
779 2369 819 2446 μὴ
843 2367 946 2445 τόλμα
969 2369 1072 2445 λέγειν
1095 2369 1165 2447 περὶ
1188 2373 1273 2432 θεοῦ.

400 2504 438 2542 400
460 2469 594 2557 Ἀνδρὸς
612 2481 726 2556 πεῖραν
748 2477 908 2556 πρότερον
930 2476 1032 2555 ἔργων
1053 2478 1071 2553 ἢ
1093 2479 1200 2553 λόγων
1222 2478 1316 2541 ποίει.

400 2726 438 2762 100
460 2697 508 2761 Τὰ
531 2697 598 2760 ὠτόι
623 2712 686 2760 σου
709 2697 749 2775 μή
773 2696 869 2759 παντὶ
890 2694 1031 2758 πίστευε.

401 2835 439 2871 410
461 2807 592 2870 Οίεσθαι
615 2807 672 2882 μὲν
693 2804 764 2882 περὶ
786 2807 863 2868 θεοῦ
878 2803 1026 2882 εὐμαρές,
1051 2805 1155 2878 λέγειν
1177 2806 1213 2868 δὲ
1236 2803 1355 2883 ἀληθὲς

462 2915 550 2996 μόνω
572 2920 617 2998 τῷ
639 2914 750 2996 δικαίψ
773 2914 1023 2992 συγκεχώρηται.

400 3159 437 3195 411
460 3131 514 3208 Μὴ
550 3131 702 3210 βασάνιζε
729 3147 793 3195 σου
823 3137 860 3212 τῇ
887 3138 973 3216 ψυχῇ
1001 3133 1039 3196 τὸ
1068 3135 1162 3210 σῶμα
1190 3135 1268 3211 μηδὲ
1298 3134 1356 3210 τήν

461 3243 568 3319 ψυχήν
591 3256 653 3304 σου
670 3241 849 3324 βασανίσῃς
872 3245 941 3320 ταῖς
963 3245 1021 3306 τοῦ
1043 3243 1197 3320 σώματος
1213 3243 1356 3321 ἡδοναῖς.

400 3377 439 3414 410
459 3350 563 3415 Ἐθιῑε
586 3350 728 3414 σεαυτόν
753 3355 799 3430 τῷ
821 3351 878 3426 μὲν
905 3351 1029 3427 σώματι
1056 3353 1208 3429 παρέχειν
1234 3351 1273 3416 τὰ
1301 3355 1359 3415 τοῦ

461 3459 615 3536 σώματος
639 3457 830 3536 σωφρόνως,
852 3464 891 3538 τῇ
913 3460 948 3523 δὲ
972 3463 1059 3540 ψυχῇ
1082 3462 1256 3539 θεοσεβῶς.

1443 761 1481 798 000
1505 735 1572 799 Dei
1594 757 1683 819 opus
1707 739 1835 800 boumn
1857 739 1959 802 homo
1980 740 2101 803 bonus,
2224 739 2397 816 lledicitur.

1443 869 1482 907 100
1504 843 1587 909 Sine
1602 847 1669 908 deo
1694 857 1773 908 sunt
1797 845 1842 920 hi,
1867 866 1932 928 pro
1949 848 2074 929 quibus
2097 849 2243 912 verbum
2259 849 2314 912 dei
2332 869 2396 912 ma·

1443 977 1481 1017 001
1504 953 1667 1016 Animam
1691 973 1786 1017 ‘mors
1809 973 1878 1017 non
1900 957 2025 1037 perdit,
2048 958 2111 1020 sed
2134 957 2226 1020 mala
2247 957 2329 1022 vita

1443 1089 1481 1126 ,ιω
1503 1060 1542 1125 Si
1553 1062 1630 1137 scis
1642 1083 1743 1145 aquo
1759 1062 1872 1128 factus
1886 1083 1934 1142 es,
1944 1075 1979 1128 et
1991 1065 2213 1146 temetipsum
2226 1066 2394 1147 agnoscis

1444 1197 1481 1233 000
1503 1169 1582 1234 Non
1610 1183 1664 1234 est
1688 1174 1878 1234 secundum
1909 1174 2011 1236 deum
2036 1173 2155 1238 vivere
2183 1173 2249 1236 nisi
2275 1174 2395 1256 pudice

1510 1290 1545 1340 et
1565 1281 1655 1341 bene
1678 1290 1714 1342 et
1737 1279 1825 1342 iuste
1848 1281 1924 1360 quis
1948 1292 2042 1362 agat.

1443 1413 1481 1450 400
1504 1387 1691 1450 Hominum
1713 1385 1901 1451 infidelium
1923 1389 1996 1452 vita
2019 1389 2245 1470 obprobrium
2268 1403 2330 1452 est.

1445 1521 1482 1560 401
1504 1495 1557 1558 Ne
1580 1507 1614 1559 te
1636 1508 1839 1578 praetereat
1860 1507 1896 1560 et
1918 1497 2010 1560 malo
2037 1499 2178 1579 ingenio
2204 1502 2313 1562 verba
2345 1499 2396 1562 dei

1503 1604 1712 1668 committas.

1443 1739 1481 1776 400
1503 1711 1667 1776 Animam
1691 1715 1735 1776 de
1759 1725 1854 1776 terra
1876 1712 1963 1777 fides
1989 1716 2104 1778 elevat
2127 1716 2172 1776 ad
2197 1716 2307 1780 deum.

1443 1849 1481 1886 400
1503 1821 1652 1884 Animae
1669 1823 1836 1904 sapientis
1857 1821 2130 1904 magnitudinem
2148 1843 2217 1886 non
2237 1825 2396 1906 reperies,

1504 1933 1592 1995 sicut
1614 1952 1678 1995 nec
1701 1933 1757 1996 dei
1780 1932 1930 2014 quidem.

1444 2066 1481 2104 104
1504 2039 1751 2123 Quaecumque
1769 2043 1830 2104 dat
1845 2044 2001 2115 mundus
2017 2061 2119 2104 nemo
2136 2040 2278 2105 firmiter
2293 2053 2392 2108 tenet.

1444 2175 1481 2214 400
1504 2147 1750 2232 Quaecumque
1777 2152 1837 2213 dat
1860 2152 1955 2232 deus,
1979 2151 2092 2214 nullus
2113 2150 2249 2214 auferre
2271 2161 2392 2233 potest.

1445 2283 1482 2320 400
1504 2257 1632 2321 Divina
1654 2259 1826 2341 sapientia
1850 2271 1904 2322 est
1926 2259 2080 2323 scientia.

1443 2391 1480 2429 401
1502 2365 1692 2430 Inmundae
1716 2368 1851 2430 animae
1872 2389 1916 2430 ne
1937 2370 2067 2431 audeas
2089 2369 2185 2450 loqui
2209 2369 2253 2431 de
2276 2369 2354 2431 deo.

1444 2502 1481 2538 400
1503 2475 1578 2538 Viri
1607 2477 1798 2556 periculum
1831 2476 1863 2538 in
1892 2477 2056 2558 operibus
2086 2478 2198 2558 primo
2229 2489 2264 2540 et
2290 2477 2393 2539 sicin

1505 2586 1620 2651 verbis
1641 2583 1757 2649 facito,

1443 2721 1481 2758 100
1503 2694 1618 2758 Aures
1642 2707 1719 2757 tuas
1742 2716 1811 2758 non
1835 2697 1994 2758 omnibus
2018 2697 2222 2758 committas

1443 2829 1481 2866 ιιι
1504 2803 1647 2885 Opinati
1669 2805 1809 2885 quidem
1834 2805 1878 2867 de
1900 2807 1968 2867 deo
1984 2803 2085 2867 facile
2101 2808 2145 2868 ab
2162 2805 2323 2867 omnibus
2339 2815 2396 2885 est,

1505 2913 1620 2976 dicere
1638 2921 1754 2975 autem
1771 2910 1953 2975 veritatem
1972 2913 2097 2976 dedeo
2119 2913 2185 2975 soli
2204 2912 2297 2976 iusto
2321 2931 2394 2994 per-

1503 3022 1707 3084 mittendum
1732 3031 1794 3084 est.

1444 3155 1480 3194 411
1503 3129 1581 3192 Non
1612 3131 1741 3194 cruciet
1768 3128 1881 3193 anima
1912 3141 1971 3194 tua
1999 3150 2127 3213 corpus
2160 3143 2256 3193 tuum
2286 3149 2396 3211 neque

1503 3239 1651 3301 animam
1674 3251 1769 3302 tuam
1793 3239 1922 3303 cruciet
1944 3239 2051 3302 libido
2074 3239 2238 3320 corporis.

1443 3373 1481 3410 410
1503 3346 1665 3411 Insuesce
1694 3358 1730 3410 te
1753 3346 1864 3428 ipsum
1887 3347 2026 3428 corpori
2052 3347 2192 3429 quidem
2214 3350 2393 3430 praebere,

1503 3476 1593 3537 quae
1621 3475 1684 3518 sua
1713 3468 1802 3530 sunt,
1837 3467 1942 3528 caste,
1977 3467 2013 3520 et
2038 3457 2182 3530 animae,
2218 3477 2310 3538 quae
2338 3477 2396 3518 sua

1504 3576 1594 3646 sunt,
1615 3566 1682 3646 pie.

400 3701 439 3738 410
460 3673 569 3752 lotoe
592 3687 654 3735 σου
677 3672 736 3748 τὴν
753 3673 809 3749 μὲν
825 3672 932 3750 ψυχὴν
953 3671 1039 3753 λόγῳ
1056 3673 1140 3754 θείψ,
1157 3675 1194 3738 τὸ
1211 3677 1246 3738 δὲ
1262 3681 1357 3753 σῶμα
1445 3701 1482 3738 410
1505 3675 1616 3739 Pasce
1639 3677 1788 3738 animam
1812 3688 1906 3738 tuam
1935 3678 2043 3740 verbo
2066 3678 2131 3756 dei,
2163 3697 2292 3759 eorpus
2316 3698 2395 3741 vero

461 3783 575 3860 σιτίοις
599 3785 706 3858 λιτοῖς.
1505 3784 1716 3867 simplicibus
1739 3786 1833 3851 cibis
1979 3785 2117 3868 [quibus
2140 3799 2234 3850 recte
2255 3789 2395 3869 gaudet.

401 3916 439 3953 414
461 3891 588 3968 Χαίρειν
603 3889 685 3953 ἔθιζέ
700 3903 763 3952 σου
778 3891 836 3966 τὴν
852 3890 957 3967 ψυχὴν
974 3891 1026 3970 ἐφ’
1043 3888 1094 3969 οἷς
1111 3891 1210 3955 καλὸν
1226 3893 1356 3971 χαίρειν.
1443 3920 1481 3956 114
1502 3893 1540 3955 In
1577 3893 1642 3957 illis
1673 3895 1831 3958 insuesce
1865 3896 2020 3977 gaudere
2054 3895 2201 3958 animam
2230 3907 2336 3976 tuam,
2369 3895 2398 3957 in

436 4165 489 4218 395
507 4161 953 4220 ‘homobonus'VTGUr20m0
990 4167 1042 4220 396
1054 4166 1090 4220 cf.
1106 4168 1156 4221 175
1170 4171 1182 4232 ll
1194 4167 1460 4222 ἄθεοιΙῦεΧ--Ρλί
1473 4167 1616 4235 Ιχ“ιιοτιιίιιί
1626 4166 1681 4222 ἀεί’
1697 4169 1746 4230 llll
1760 4167 1874 4232 κακόςΡ
1912 4169 1964 4222 397
1980 4165 2152 4224 ‘vitamala'
2170 4189 2184 4224 z
2204 4171 2400 4227 excPGTcwr

436 4253 489 4306 398
508 4270 562 4306 om.
577 4253 670 4320 Pilati
689 4254 729 4322 R3
747 4251 846 4323 ‘prout
865 4255 922 4308 reri
943 4257 1129 4324 cognitionem
1148 4257 1328 4326 adipisceris'
1347 4255 1372 4309 X
1391 4257 1480 4326 (quasi
1498 4263 1569 4310 esset
1588 4257 1658 4310 καθὸ
1677 4259 1795 4322 γέγονας
1814 4257 1907 4326 είδώς)
1920 4255 1933 4328 ΙΙ
1945 4259 2005 4312 398.
2027 4259 2080 4312 399
2103 4260 2176 4313 inter
2193 4260 2245 4313 328
2265 4265 2293 4314 et
2313 4261 2365 4315 335
2382 4279 2398 4312 x

435 4341 489 4395 399
508 4341 571 4395 Οίίί.
585 4343 701 4395 1230011
714 4343 791 4395 ἔστιν
805 4342 928 4406 εὐκλεῶς
940 4346 991 4412 ζῆν
1005 4348 1062 4397 κτλ.
1076 4343 1088 4412 ΙΙ
1101 4362 1119 4396 x
1131 4367 1163 4389 =
1176 4344 1240 4398 Clit.
1254 4343 1290 4398 R:
1311 4349 1355 4398 καί
1370 4349 1462 4410 κολιῦς
1475 4361 1529 4398 om.
1542 4345 1586 4397 Pv
1602 4343 1652 4408 l‘ct
1665 4341 1743 4398 bene'
1763 4363 1816 4399 om.
1832 4345 1897 4414 08„
1917 4348 2030 4411 δικαίως
2049 4349 2093 4400 καί
2106 4350 2257 4416 σωφρόνος
2267 4347 2290 4400 V
2298 4366 2304 4413 ;
2325 4351 2400 4418 quasi

401 4432 445 4482 καί
465 4429 579 4495 δικαίως
598 4431 665 4484 ἄνευ
683 4436 735 4485 τοῦ
754 4433 914 4500 σωφρόνως
934 4429 958 4482 X
1020 4431 1072 4484 400
1091 4431 1126 4485 cl.
1140 4432 1222 4500 Pyth.
1234 4433 1285 4486 39¹1
1303 4438 1363 4486 τιῦν
1382 4434 1500 4499 ἀμαθιῦν
1518 4435 1627 4498 όνειδος
1646 4435 1716 4487 εἶναι
1734 4435 1785 4490 τόν
1804 4435 1864 4500 βίον
1883 4435 1926 4502 (cl.
1939 4437 2000 4503 174)
2013 4435 2026 4505 ΙΙ
2037 4434 2042 4451 ‘
2053 4437 2234 4506 opprobrium
2254 4437 2399 4492 doctorum

399 4514 508 4571 eorum'
531 4517 556 4571 X
575 4517 621 4586 (cf.
633 4520 694 4586 174)
758 4520 810 4573 401
831 4521 902 4586 lacn
923 4521 1084 4587 Ρῇάπηνεῖ
1104 4519 1151 4586 Vll
1164 4519 1320 4590 ‘nunquam
1339 4524 1456 4576 verbum
1477 4521 1522 4575 dei
1540 4521 1679 4575 hominem
1699 4522 1838 4577 fallaciter
1856 4523 1965 4578 doccas'
1988 4525 2012 4578 X
2067 4525 2120 4579 409
2139 4525 2195 4579 ἀπό
2214 4530 2267 4592 γῇς
2281 4527 2373 4580 omli
2391 4527 2401 4592 ll

400 4609 460 4672 ᾰγει
479 4607 504 4659 V
576 4609 629 4662 403
647 4609 732 4676 ἤπερ]
749 4625 801 4675 περ
820 4609 838 4674 ἤ
857 4609 878 4662 Ρ
898 4609 933 4661 cf.
954 4609 1006 4662 306
1020 4609 1031 4676 ΙΙ
1043 4607 1182 4679 ‘quidem'
1205 4628 1258 4664 cm.
1279 4610 1313 4664 Jo
1336 4610 1370 4664 cf.
1389 4611 1442 4664 306
1522 4611 1575 4663 404
1589 4633 1617 4654 --
1630 4611 1681 4678 923
1699 4610 1823 4664 ordinem
1844 4613 1904 4666 404.
1923 4614 1976 4667 405
1996 4615 2112 4667 invertit
2130 4613 2177 4682 llll
2189 4612 2348 4681 ‘auler(elt'
2368 4615 2400 4668 Jc

400 4696 434 4748 cf.
454 4697 489 4750 92
560 4695 613 4750 405
632 4695 710 4749 ;-Ὃ
723 4695 762 4762 V3
781 4713 834 4749 om.
855 4695 880 4748 X
900 4697 940 4764 (et
958 4696 1014 4764 SU)
1027 4696 1039 4767 ΙΙ
1051 4691 1158 4750 ‘nemo'
1180 4697 1213 4750 de
1227 4715 1277 4752 suo
1290 4697 1324 4766 R,
1343 4697 1398 4752 vid.
1418 4703 1499 4765 τηρεῖ
1517 4713 1597 4750 sensu
1618 4703 1716 4752 neutro
1738 4715 1830 4766 usurp.
1851 4699 1883 4753 cf.
1903 4717 1973 4753 mus.
1987 4701 2074 4754 Rhea.
2094 4703 2137 4771 41,
2153 4702 2205 4756 533
2218 4705 2229 4770 ΙΙ
2241 4708 2307 4772 post
2323 4707 2399 4770 τηρεῖ

400 4801 456 4850 seq.
475 4783 503 4836 in
523 4782 545 4836 P
564 4783 714 4850 rac-201,
739 4790 837 4837 contra
856 4783 908 4837 406
926 4801 985 4853 sqq.
1006 4786 1057 4854 leg.
1078 4791 1141 4852 post
1151 4785 1205 4839 454
1276 4786 1329 4838 406
1348 4787 1365 4852 ἡ
1385 4791 1438 4840 τοῦ
1458 4785 1546 4838 απιλί
1561 4787 1572 4852 ΙΙ
1586 4787 1614 4838 in
1633 4785 1658 4838 R
1677 4782 1748 4838 ‘dei'
1772 4786 1834 4840 add.
1854 4786 1909 4840 vid.
1982 4789 2034 4842 407
2046 4791 2138 4844 :451
2161 4791 2334 4860 (ἀκολάστῳ)
2354 4791 2399 4844 ubi

399 4889 454 4924 om.
473 4870 530 4938 PX,
548 4871 575 4925 b.
595 4872 613 4926 l.
632 4889 687 4926 om.
706 4871 732 4925 X
750 4872 761 4938 11
778 4869 935 4927 ‘immunda
953 4870 1055 4925 anima'
1077 4873 1205 4926 WOBs'w
1219 4875 1230 4940 ΙΙ
1243 4873 1333 4942 ‘loqui
1352 4875 1571 4943 experimentum
1591 4874 1625 4927 de
1644 4871 1709 4928 deo'
1732 4893 1766 4943 ag
1786 4893 1843 4928 exc.
1863 4875 1946 4943 OGU,
1971 4877 2119 4946 explicatio
2143 4879 2199 4931 vid.
2219 4879 2294 4932 vocis
2313 4876 2397 4949 ‘peri-

400 4955 503 5012 culum’
523 4958 599 5028 (403)
653 4960 707 5013 408
726 4957 866 5026 Pyrnos·
878 4967 979 5028 πεῖραν
998 4962 1150 5030 ἀνθρώπου
1165 4963 1267 5016 ἐκτῶν
1285 4964 1377 5030 ἔργων
1388 4965 1493 5028 μᾶλλον
1512 4962 1634 5027 λάμβανε
1648 4964 1665 5028 ἢ
1680 4963 1711 5016 ἐκ
1729 4967 1789 5016 τῶν
1807 4965 1901 5027 λόγων
1914 4965 1926 5032 ΙΙ
1938 4966 2077 5032 πρότερον
2094 4972 2195 5033 πεῖραν
2214 4966 2260 5034 Pu
2272 4971 2360 5020 ποιοῦ
2379 4964 2398 5018 Ρ

435 5045 488 5100 409
508 5046 571 5100 crit.
587 5045 673 5110 1261
694 5047 744 5116 (μὴ
758 5051 844 5101 πᾶσιν
863 5050 959 5118 ὕπεχε)
1026 5051 1079 5102 410
1098 5065 1151 5102 om.
1172 5049 1195 5102 V
1209 5050 1220 5116 [Ι
1232 5045 1368 5118 ‘operari’
1389 5067 1403 5100 z
1424 5065 1481 5102 cxc.
1500 5047 1554 5102 P‘-'S
1567 5049 1578 5116 ΙΙ
1590 5043 1657 5103 ‘est’
1682 5049 1759 5118 prius
1772 5065 1825 5104 om.
1840 5070 1863 5104 w
1877 5053 1889 5120 ΙΙ
1901 5054 2014 5118 δικαίως
2030 5055 2050 5107 Ρ
2065 5057 2076 5118 ΙΙ
2087 5051 2186 5108 ‘solius
2199 5054 2355 5123 prophetae
2374 5059 2399 5108 et

400 5134 467 5188 iusti
486 5129 539 5188 est‘
560 5135 586 5188 Χ
667 5137 719 5189 411
740 5139 777 5203 μὴ
799 5137 947 5201 βασανίζου
966 5143 1002 5207 τῇ
1023 5157 1053 5204 ψ.
1075 5137 1123 5206 Vll
1136 5140 1206 5204 μήτε
1226 5139 1272 5204 Pu
1285 5138 1319 5192 de
1337 5135 1439 5208 singul.
1456 5132 1569 5190 ‘libido'
1591 5155 1616 5190 v.
1637 5138 1671 5191 ad
1692 5139 1727 5192 70
1798 5139 1921 5194 412010.
1942 5140 1963 5191 V
1987 5145 1998 5204 ΙΙ
2019 5141 2199 5210 considat]
2219 5143 2249 5196 δὲ
2270 5149 2349 5214 ψυχῇ
2368 5143 2401 5196 τό

401 5225 489 5290 αὐτῆς
507 5228 544 5277 e:
565 5221 610 5280 ‘et
628 5225 720 5279 animo
739 5243 835 5279 rursus
854 5225 974 5280 fideliter
994 5225 1068 5295 quod
1091 5227 1116 5280 ei
1135 5223 1262 5281 debetur’
1282 5245 1314 5280 x:
1333 5224 1376 5280 ‘et
1395 5243 1491 5279 rorum
1510 5223 1554 5280 dei
1573 5226 1702 5280 timorem
1723 5226 1758 5280 da
1777 5224 1882 5280 animo’
1904 5227 1927 5280 X
1943 5232 1989 5296 (τ-
2008 5229 2040 5298 P)
2114 5229 2167 5282 413
2187 5247 2246 5300 sqq.
2266 5239 2331 5300 post
2351 5231 2400 5286 356

399 5311 634 5376 (1010359-412
663 5314 849 5382 transpositae
879 5313 933 5384 leg.
961 5315 1034 5369 inter
1052 5313 1105 5368 439
1124 5321 1152 5368 et
1174 5315 1227 5368 433
1244 5333 1270 5368 v.
1291 5313 1324 5384 s.)
1342 5313 1376 5380 X,
1400 5315 1531 5367 mendum
1555 5314 1683 5367 omnibus
1702 5313 1763 5383 Syri
1783 5315 1862 5370 codd.
1883 5333 2034 5386 commune,
2060 5318 2144 5372 immo
2163 5317 2231 5384 Syro
2250 5319 2401 5389 antiquius,

400 5419 464 5454 nam
484 5402 559 5470 quod
571 5401 624 5454 413
645 5401 673 5453 in
693 5401 713 5454 P
731 5402 805 5456 iusto
824 5401 921 5456 ordine
940 5403 1038 5471 incipit
1056 5397 1142 5470 Ἀρχῇ
1167 5403 1256 5470 τρέφε
1277 5415 1329 5456 σου
1348 5404 1401 5468 τὴν
1420 5405 1470 5467 μὲν
1490 5406 1584 5470 ψυχὴν
1603 5408 1670 5464 κτλ,
1690 5405 1746 5458 iam
1764 5411 1881 5474 apparet
1899 5407 2001 5460 mirum
2021 5407 2091 5460 illud
2108 5404 2193 5474 Ἀρχῇ
2213 5406 2252 5459 nil
2272 5425 2332 5462 esse
2352 5407 2401 5460 nisi

399 5490 509 5558 signum
531 5488 636 5543 ordinis
655 5491 780 5545 restituti
799 5491 828 5543 in
848 5491 998 5560 archetypo
1017 5491 1119 5544 codicis
1139 5492 1169 5558 P,
1200 5490 1327 5544 ordinem
1352 5491 1496 5544 turbatum
1516 5497 1624 5546 secutus
1647 5498 1689 5546 est
1711 5494 1759 5563 qui
1778 5494 1898 5564 primum
1918 5493 2028 5562 Syriaca
2049 5497 2147 5550 vertit:
2173 5495 2272 5549 ordine
2291 5496 2401 5566 integro

400 5577 521 5648 x=Vll
533 5579 584 5644 μὲν
602 5579 715 5646 cmvi!
728 5579 795 5648 θείῳ
811 5579 1126 5650 λόγῳΡῙὶὁλίγοιςλίτ
1147 5578 1267 5632 Χκ--Ρ
1340 5579 1401 5631 414.
1420 5579 1474 5633 415
1493 5596 1547 5634 orn.
1563 5580 1596 5648 V,
1616 5581 1670 5634 414
1689 5599 1743 5634 cm.
1765 5581 1788 5633 X
1813 5584 1851 5650 (p.
1871 5581 2022 5648 rasead
2042 5583 2105 5649 413)
