5046 6802
204 861 285 918 quae
318 843 434 899 idcirco
469 843 562 900 fusius
593 853 771 919 persecutus
801 861 876 914 snm,
911 845 980 917 quia
1007 845 1137 902 maxime

161 946 279 1002 idonea
304 944 484 1000 videbantur
503 947 543 1001 ad
555 944 765 1002 illustrandam
778 953 874 1001 artem
887 955 978 1020 atque
991 945 1139 1003 rationem

132 1117 135 1122 1
160 1065 226 1124 (11111
249 1048 278 1103 111
304 1046 523 1120 componendo
548 1045 690 1102 thesauro
715 1045 866 1102 Stobaeus
890 1062 963 1101 usus
985 1055 1041 1103 est.
1069 1065 1141 1102 nam

161 1148 248 1221 quod
266 1158 328 1204 tam
352 1148 435 1204 varia
457 1147 485 1201 in
510 1163 572 1202 uuo
595 1148 694 1220 capite
710 1147 872 1218 congessit,
897 1149 1082 1203 documento
1093 1157 1142 1204 est

161 1248 342 1322 exemplum
367 1249 450 1320 quod
474 1246 625 1304 Stobaeus
659 1255 780 1303 secutus
804 1255 849 1303 est
884 1247 1050 1304 sententias
1080 1265 1142 1304 non

165 1349 415 1424 inscriptionibus
439 1366 491 1404 seu
512 1346 709 1422 paragraphis
731 1347 891 1403 distinctas
913 1347 1064 1419 habuisse,
1086 1351 1142 1406 sed

162 1450 321 1507 delectum
349 1451 447 1522 ipsum
470 1447 635 1505 Stobacum
658 1447 831 1506 instituisse.
870 1449 954 1522 quod
980 1467 1042 1523 qno
1065 1450 1143 1506 iudi·

166 1551 217 1608 cio
237 1551 342 1607 iecerit
358 1551 495 1609 vidimus.
541 1549 610 1605 hinc
636 1557 737 1604 autem
764 1549 932 1623 explicatur
953 1549 1072 1606 diversa
1094 1551 1142 1607 illa

163 1652 290 1726 quaein
305 1651 441 1706 Stobaeo
458 1651 635 1706 observatur
646 1651 831 1722 excerpendi
846 1652 1049 1708 consuetudo.
1072 1670 1142 1708 narn

168 1770 196 1812 e.
213 1771 241 1826 g.
259 1753 370 1826 placita
394 1750 644 1826 philosophorum
670 1751 846 1823 peremnia
868 1751 967 1824 capita
990 1752 1143 1809 distribuit

167 1855 282 1929 quippe
293 1871 372 1927 quae
384 1853 448 1927 ipsa
462 1853 632 1908 secundum
644 1852 743 1925 capita
752 1851 895 1926 discripta
909 1862 1010 1908 essent
1019 1854 1142 1910 eadem-

167 1973 229 2030 que
256 1955 358 2028 capita
387 1963 490 2009 essent
516 1970 595 2026 quae
625 1971 697 2009 suae
721 1953 913 2028 dispositioni
942 1953 1142 2011 fundamento

168 2067 266 2114 erant.
291 2067 398 2112 contra
407 2053 580 2128 Epictetum
593 2054 622 2109 in
635 2071 749 2127 paucas
763 2071 876 2128 easque
893 2056 1022 2111 maiores
1039 2066 1142 2129 partes

168 2159 271 2214 divisit
298 2168 329 2212 et
352 2155 458 2233 paucis
473 2154 620 2228 capitibus
644 2155 825 2230 adsignavit,
849 2157 932 2230 quod
948 2157 1003 2212 etsi
1026 2158 1142 2212 adrem

167 2277 274 2334 parum
298 2267 370 2332 apte
393 2255 583 2328 factumest,
609 2257 699 2311 nobis
721 2275 759 2312 eo
782 2256 882 2312 utilius
905 2257 1000 2312 evasit
1023 2259 1063 2313 ad
1084 2259 1142 2332 pri·

164 2363 279 2418 stittum
313 2359 451 2415 ordinem
486 2359 742 2430 recuperandum
774 2375 874 2413 rursus
901 2358 987 2414 aliter
1014 2360 1042 2414 in
1074 2359 1142 2434 Epi·

164 2473 251 2518 cteto
275 2477 338 2516 rem
361 2459 457 2533 gessit
480 2457 505 2515 E
529 2459 580 2533 qui
614 2469 645 2514 ut
670 2476 756 2514 verus
779 2457 933 2531 florilegus
965 2459 1034 2514 hinc
1063 2460 1143 2516 illinc

168 2563 336 2620 sententias
366 2561 518 2634 excerpsit
548 2570 579 2615 et
606 2578 662 2616 suo
689 2559 783 2615 modo
817 2561 996 2633 composuit.
1040 2561 1144 2635 itaque

170 2662 324 2718 Stobaeus
346 2680 372 2718 e.
397 2679 425 2734 g.
449 2659 644 2716 definitiones
669 2681 691 2718 s,
716 2662 734 2718 8
758 2677 823 2734 sqq.
847 2660 972 2734 singulis
995 2663 1145 2736 capitibus

171 2774 234 2820 tam
251 2763 473 2820 couvenientes
490 2761 692 2836 praetermisit
714 2771 768 2816 aut
780 2761 839 2816 alia
856 2761 919 2817 aliis
943 2762 1090 2818 adnexuit
1115 2773 1146 2818 et

168 2864 376 2920 diversissima
414 2863 597 2936 constipavit
634 2862 735 2935 11011113
769 2880 860 2935 quam
896 2862 1004 2919 iustam
1040 2865 1145 2920 scdettt

170 2975 340 3039 quaereret.
387 2981 468 3038 quae
499 2983 546 3020 res
577 2965 618 3021 ad
643 2962 743 3019 sontes
767 2981 889 3036 quoque
914 2963 1036 3021 Stobaei
1060 2966 1152 3022 inda·-

167 3067 289 3140 gandos
321 3067 443 3122 maximi
477 3076 523 3121 est
554 3065 709 3121 momenti.
761 3083 832 3120 narn
865 3065 957 3140 siquis
981 3067 1053 3122 dum
1077 3085 1146 3123 sen·

171 3167 336 3222 tentiarum
371 3165 555 3222 thesaurum·
585 3166 698 3221 condit·
724 3165 898 3239 Epictetum
932 3167 1005 3223 satis
1043 3167 1146 3224 habuit

171 3267 278 3343 paucis
302 3268 453 3340 capitibus
475 3283 600 3340 quoquo
623 3267 717 3322 modo
742 3268 952 3340 consignasse,
983 3268 1030 3324 ille
1057 3270 1147 3326 colle·

168 3369 302 3426 ctionem
326 3369 391 3442 ipse
416 3385 476 3423 non
500 3367 671 3440 composuit
700 3368 755 3424 sed
779 3367 919 3424 thesauro
944 3371 994 3442 qui
1025 3381 1146 3442 praesto

170 3479 238 3526 erat
250 3485 322 3526 usus
335 3469 440 3544 paucis
456 3469 511 3524 tevi
524 3485 616 3524 manu
643 3468 765 3525 aliunde
785 3469 914 3525 adiectis
932 3487 1041 3528 novam
1055 3481 1146 3544 atque

170 3571 341 3627 auctiorem
358 3577 481 3630 tautum
491 3569 658 3625 editionem
670 3571 803 3644 paravit.
825 3569 904 3627 haec
919 3571 1008 3646 igitur
1019 3573 1147 3646 eiusque

169 3671 292 3746 generis
323 3671 537 3726 additamenta
568 3670 759 3726 secernenda
794 3681 874 3736 sunt,
909 3673 1019 3746 quibus
1047 3693 1148 3732 secre-

176 3772 214 3828 tis
238 3771 414 3844 florilegium
440 3771 643 3827 nanciscimur
663 3771 694 3826 id
717 3772 799 3844 quod
822 3773 974 3830 Stobaeus
998 3775 1147 3843 adhibuit,

174 3889 247 3928 nam
281 3871 377 3928 multa
402 3871 525 3928 suerunt
546 3872 618 3928 inde
642 3872 680 3929 ab
709 3873 925 3945 antiquissimis
961 3876 1147 3947 temporibus

172 3971 305 4030 collecta
328 3990 406 4046 quae
430 3973 538 4028 iterum
561 3983 654 4046 atque
680 3975 787 4030 iterum
812 3973 1070 4050 describebantur,
1094 3993 1148 4031 au·

171 4074 279 4149 gendo
303 4076 471 4130 minuendo
489 4075 720 4148 transponendo
738 4091 815 4128 nova
833 4072 910 4129 facie
934 4075 1147 4134 induebantur.

170 4176 372 4232 fundamenta
385 4177 484 4249 operis
501 4177 539 4232 ab
553 4175 620 4250 ipso
633 4173 766 4232 Stobaeo
779 4175 856 4230 iacta
870 4191 930 4229 non
948 4186 1028 4239 sunt,
1053 4185 1148 4232 totam

173 4277 406 4350 dispositionem
433 4276 556 4333 aliunde
580 4277 715 4350 accepim
750 4293 829 4349 quae
853 4275 932 4330 tualc
955 4277 1055 4349 posita
1078 4286 1148 4332 suut

173 4395 319 4451 magnam
342 4387 458 4451 partem
483 4378 509 4432 ei
533 4378 695 4444 debentur,
730 4377 813 4432 initia
835 4387 867 4431 ct
888 4376 987 4432 exitus
1017 4379 1146 4451 partium

170 4496 247 4551 quas
281 4479 405 4552 singulis
430 4479 582 4552 capitibus
616 4479 681 4551 ipse
704 4477 825 4534 addidit
848 4495 909 4532 non
932 4493 1052 4550 semper
1074 4488 1146 4550 apte

171 4578 312 4634 distinxit
345 4575 392 4648 (ut
413 4579 443 4634 in
468 4579 609 4653 Epicteto
634 4590 665 4634 et
691 4597 715 4636 s.
745 4583 778 4636 111
803 4581 977 4636 0114111111
1008 4579 1147 4635 transcri-

172 4680 256 4754 psitl,
279 4680 321 4734 ita
338 4679 505 4753 utsaepius
522 4691 553 4736 et
576 4699 655 4754 qnae
680 4680 749 4735 olim
773 4680 991 4752 praecesserint
1014 4688 1045 4734 et
1069 4697 1147 4753 quae

172 4779 337 4835 subiuncta
371 4779 483 4837 suerint
514 4781 615 4853 aliquo
643 4782 738 4836 modo
762 4781 899 4837 divinare
922 4781 1072 4854 possimus
1096 4781 1147 4852 (cs.

173 4881 215 4937 dc
240 4879 327 4935 simili
361 4898 462 4937 errore
492 4881 521 4938 in
546 4880 739 4938 Democratis
768 4881 927 4938 sententiis
961 4901 979 4938 a
1012 4882 1146 4939 Stobaeo

171 4980 338 5038 commisso
371 4981 410 5038 de
444 4981 527 5039 Stob.
561 4985 631 5042 cod.
655 4983 744 5042 Phot.
774 5001 801 5057 p.
827 4977 881 5054 7¹).
932 5000 1005 5058 prae
1040 4985 1147 5040 ceteris

172 5093 279 5140 autem
316 5094 409 5156 caput
441 5081 512 5157 περὶ
533 5079 650 5159 ἀρετῆς
685 5083 769 5154 (11100
803 5084 884 5140 enim
914 5085 1017 5142 omnia
1046 5085 1149 5142 1010111

172 5199 267 5258 posse
296 5183 489 5255 videbantur)
518 5196 551 5240 ut
572 5202 654 5241 nunc
677 5203 693 5240 e
717 5185 875 5242 codicibus
908 5188 1079 5243 restitutum
1102 5197 1149 5244 est

172 5283 334 5358 egregium
356 5284 446 5340 adest
470 5285 594 5342 Stobaei
617 5285 727 5360 ingenii
755 5297 848 5360 atque
875 5286 947 5342 artis
982 5287 1148 5342 documen-

174 5396 247 5442 tum.
296 5385 351 5440 sed
380 5383 457 5440 haec
484 5385 540 5440 iam
569 5385 737 5460 releganda
760 5398 839 5453 sunt,
863 5405 931 5443 narn
960 5388 1000 5442 de
1024 5387 1150 5444 Stobaei

175 5486 313 5543 sontibus
337 5495 369 5540 et
392 5486 577 5558 singulorum
600 5488 733 5562 capitum
757 5489 836 5546 velut
859 5506 884 5544 c.
909 5489 948 5546 46
974 5487 1089 5561 origine
1115 5506 1150 5545 ac

173 5585 404 5660 compositione
427 5597 457 5641 et
481 5587 520 5643 de
536 5589 801 5662 gnomologiorum
815 5587 1005 5646 Graecorum
1024 5587 1149 5646 historia

1156 651 1173 712 t

1193 845 1333 902 universa
1349 845 1407 901 alio
1426 846 1493 901 loco
1509 844 1630 901 uberius
1648 853 1762 917 agetur.
1798 861 1891 900 unum
1913 844 2038 909 addam,
2055 843 2167 918 Pytha-

1191 963 1285 1018 gorae
1301 956 1332 1002 et
1348 945 1482 1020 Hypsaei
1499 925 1669 1002 sententias
1689 943 1783 1018 (Flor.
1800 946 1847 1020 13,
1864 945 1986 1004 tte-35
2002 954 2035 1000 et
2047 945 2097 1018 117,
2110 946 2163 1016 30)

1192 1047 1222 1102 111
1245 1046 1294 1102 1110
1317 1045 1464 1120 florilegio
1493 1045 1576 1120 quod
1601 1043 1753 1102 Stobaeus
1776 1046 1880 1102 denuo
1916 1045 2015 1103 edidit
2037 1055 2068 1102 et
2091 1045 2164 1122 Epi·

1192 1148 1401 1206 cteteisauxit
1416 1149 1477 1204 iam
1500 1145 1662 1217 exstitisse,
1686 1163 1756 1202 nam
1780 1147 1895 1202 illarum
1919 1147 2018 1221 gratia
2040 1145 2163 1221 Epicte-

1193 1257 1262 1304 teae
1296 1248 1483 1305 collectionis
1518 1250 1644 1305 easdem
1679 1248 1846 1304 sententias
1883 1247 2021 1304 tit—20·
2060 1255 2092 1302 et
2123 1249 2161 1304 25

1193 1350 1380 1405 omittendas
1413 1367 1482 1406 esse
1523 1349 1640 1406 censuit
1676 1344 1727 1415 (ci.
1755 1367 1779 1406 s.
1804 1366 1832 1422 p.
1857 1350 1907 1422 6);
1955 1349 1986 1404 ni
2025 1347 2161 1417 fuissent,

1192 1451 1257 1526 ipse
1279 1450 1430 1508 Stobaeus
1458 1451 1483 1506 si
1506 1449 1724 1523 exscripsisset,
1761 1467 1829 1505 cum
1859 1467 1882 1508 s
1909 1449 2164 1507 111-1010111111

1193 1570 1216 1610 s,
1244 1555 1280 1609 te
1305 1553 1415 1608 ibidem
1444 1551 1639 1608 exhibuisset.
1682 1551 1739 1606 sed
1766 1566 1865 1624 neque
1894 1549 1959 1606 aliis
1989 1551 2162 1607 nominibus

1194 1663 1256 1709 tam
1284 1671 1376 1728 parva
1404 1661 1548 1726 excerpta
1572 1650 1631 1708 alio
1655 1649 1819 1708 transferre
1840 1667 1943 1726 neque
1966 1652 1997 1708 in
2020 1652 2162 1725 Epicteto

1194 1765 1227 1810 ut
1248 1755 1389 1826 Flor.13,
1408 1756 1456 1812 34.
1477 1753 1515 1807 35
1539 1750 1602 1808 fieri
1624 1753 1762 1808 videmus
1779 1752 1999 1825 subsequentia
2020 1751 2164 1808 lemmate

1192 1853 1251 1912 τοῦ
1281 1849 1381 1913 αὐτοίΙ
1413 1851 1576 1908 inscribere
1604 1853 1723 1909 solebat
1752 1855 1898 1926 (excepto
1931 1861 2032 1910 tamen
2065 1853 2164 1926 capite

1192 1953 1263 2030 περὶ
1296 1950 1459 2028 πολιτείας
1491 1953 1541 2010 ubi
1569 1953 1692 2010 codices
1722 1953 1822 2010 nescio
1853 1970 1914 2027 quo
1944 1954 2008 2009 iure
2037 1952 2163 2024 singulis

1193 2056 1307 2128 eclogis
1335 2054 1393 2113 τοῦ
1424 2051 1524 2113 αὐτοῦ
1552 2051 1744 2129 appingunt).
1780 2063 1847 2110 utut
1876 2064 1932 2121 est,
1966 2054 2008 2111 ad
2030 2053 2164 2128 Epicteti

1193 2157 1423 2232 gnomologium
1446 2155 1716 2228 redintegrandum
1737 2172 1807 2212 curn
1822 2173 1846 2214 s.
1865 2156 1989 2213 111-20
2002 2155 2095 2212 etiam
2107 2153 2162 2228 Py·

1193 2256 1341 2329 thagorae
1364 2275 1386 2316 S.
1404 2261 1458 2316 20⁸
1478 2275 1557 2331 quae
1578 2275 1596 2312 0
1614 2257 1691 2316 Flor.
1709 2259 1754 2326 13,
1768 2259 1806 2316 35
1833 2257 1953 2314 accedit
1975 2273 2075 2331 aeque
2099 2264 2165 2312 ute·

1193 2375 1269 2416 mur.
1306 2377 1387 2415 nunc
1408 2359 1567 2415 rideamus
1591 2359 1630 2415 de
1653 2356 1778 2414 Stobaei
1800 2356 1936 2430 partibus
1959 2357 2136 2430 deperditis,

1236 2460 1260 2514 si
1284 2460 1313 2514 in
1337 2461 1380 2514 eis
1409 2477 1488 2533 quae
1512 2469 1633 2515 exstant
1657 2457 1681 2516 C
1705 2476 1774 2514 curn
1798 2457 1821 2514 F
1844 2475 2062 2532 comparamus
2093 2459 2166 2514 inde

1196 2577 1213 2615 a
1237 2578 1260 2619 s.
1291 2563 1324 2618 15
1341 2559 1493 2616 Stobaeus
1517 2559 1617 2616 omnia
1640 2559 1730 2634 plene
1754 2560 1909 2634 descripsit
1932 2561 2068 2634 exceptis
2091 2575 2167 2634 quas

1194 2662 1289 2716 modo
1312 2662 1374 2717 dixi
1397 2679 1420 2718 s.
1447 2663 1594 2718 tit-20⁸.
1619 2663 1673 2728 15;
1705 2679 1785 2735 quae
1806 2662 1996 2717 antecedunt
2017 2660 2047 2717 in
2072 2660 2104 2727 li,
2136 2661 2167 2716 in

1195 2760 1389 2834 Florilegium
1421 2781 1483 2818 non
1513 2763 1638 2838 recepit.
1683 2779 1762 2834 quae
1791 2761 1815 2816 si
1843 2761 1873 2816 in
1899 2759 2021 2834 Eclogis
2055 2761 2165 2835 posuit,

1196 2879 1264 2918 nam
1288 2862 1353 2918 sine
1378 2880 1471 2920 causa
1495 2863 1533 2919 nil
1557 2863 1720 2936 abiciebat,
1753 2860 1884 2918 sortasse
1907 2861 2039 2918 similiter
2071 2873 2165 2936 atque

1197 2965 1226 3018 in
1252 2963 1315 3018 libri
1339 2963 1378 3019 111
1410 2981 1476 3038 cap.
1502 2970 1514 3022 l
1540 2961 1612 3038 περὶ
1639 2957 1757 3036 ἀρετῆς
1786 2963 1814 3018 111
1841 2961 1939 3018 1111111
1971 2963 2057 3018 initio
2082 2964 2168 3036 quod

1195 3077 1260 3120 erat
1298 3059 1432 3137 ἔπαινος
1470 3061 1670 3138 φιλοσοφίας
1705 3063 1774 3120 1111111
1816 3061 2026 3137 congregravit
2066 3063 2167 3138 (prae-

1197 3165 1300 3222 sertim
1346 3183 1416 3222 cum
1461 3165 1655 3240 profanarum
1697 3163 1918 3220 sententiarum
1955 3174 2038 3221 esset
2081 3181 2168 3220 esor-

1195 3259 1303 3340 (11111111,
1334 3285 1404 3322 nam
1432 3266 1507 3324 illud
1529 3282 1652 3340 quoque
1679 3262 1855 3320 multifarias
1887 3264 2009 3338 eclogas
2031 3281 2169 3338 compre-

1197 3367 1312 3435 hcndit,
1350 3367 1432 3423 velut
1465 3366 1613 3423 Demetrii
1647 3374 1678 3421 et
1700 3363 1835 3422 Sosiadis
1868 3365 1995 3422 easdem
2025 3364 2088 3422 sere
2110 3365 2167 3422 Vtt

1196 3468 1376 3542 sapientium
1413 3468 1634 3524 sententiarum
1674 3466 1873 3523 collectiones
1906 3483 1983 3542 quas
2020 3485 2100 3525 nunc
2137 3469 2167 3523 itt

1196 3587 1263 3642 cap.
1290 3565 1360 3642 ιιερὶ
1383 3563 1500 3643 ἀρετῆς
1523 3571 1566 3638 (l,
1593 3568 1660 3626 172.
1686 3567 1745 3626 173
1770 3563 1893 3638 Hense)
1916 3568 2042 3641 legimus
2058 3563 2109 3642 (cs.
2125 3569 2168 3625 de

1196 3669 1280 3728 Stob.
1304 3671 1374 3726 cod.
1399 3669 1486 3731 Phot.
1512 3689 1539 3744 p.
1564 3669 1626 3744 et).
1661 3680 1694 3725 ut
1718 3668 1747 3723 in
1771 3667 1803 3735 F,
1826 3668 1869 3726 ita
1891 3669 1921 3726 in
1946 3669 1971 3727 t:
1995 3670 2042 3725 vix
2064 3669 2169 3727 insunt

1196 3788 1276 3845 quae
1310 3771 1457 3846 Florilegii
1486 3772 1621 3846 partibus
1653 3769 1787 3826 inserere
1817 3770 1917 3843 possis
1951 3771 2000 3844 (cf.
2024 3789 2047 3828 s,
2070 3789 2099 3846 p,
2126 3763 2166 3845 ᾗ),

1196 3889 1275 3944 quae
1305 3883 1422 3928 restant
1445 3873 1534 3947 igitur
1556 3873 1666 3930 eadem
1694 3888 1762 3927 cum
1792 3871 1952 3945 diligentia
1980 3871 2169 3946 probalititer

1196 3975 1225 4029 in
1250 3973 1372 4047 Eclogis
1410 3975 1515 4048 paneis
1549 3973 1675 4048 quidem
1708 3971 1857 4045 capitibus
1887 3973 2029 4032 exaravit.
2074 3983 2168 4046 atque

1198 4074 1323 4130 frustula
1353 4075 1506 4148 quaedam
1537 4075 1716 4148 Eclogarum
1746 4071 1888 4130 Vaticani
1922 4073 2037 4130 codicis
2076 4074 2169 4129 bene·

1196 4175 1265 4232 licio
1297 4175 1386 4231 uobis
1417 4175 1540 4232 reddita
1574 4184 1653 4230 sunt.
1710 4181 1881 4247 quae-tam
1915 4191 2007 4248 parva
2038 4185 2107 4231 sunt
2136 4183 2169 4231 ttt

1198 4276 1328 4350 Epicteti
1360 4295 1481 4352 qnoque
1513 4295 1535 4334 s.
1559 4273 1586 4330 D
1612 4277 1696 4332 1-4
1728 4286 1759 4330 et
1789 4278 1871 4334 5-8
1906 4277 2027 4332 nonnisi
2060 4277 2169 4332 rudera

1198 4375 1424 4450 Epicteteorum
1457 4378 1564 4451 capitis
1593 4377 1634 4432 de
1660 4376 1721 4432 deo
1745 4387 1776 4432 et
1799 4377 1932 4450 capitum
1957 4375 2029 4450 περὶ
2057 4373 2168 4450 φιλίας

1198 4475 1342 4534 habenda
1376 4479 1445 4536 sint.
1469 4491 1576 4534 auctor
1599 4477 1680 4532 enim
1709 4476 1760 4548 qui
1783 4477 2004 4553 philosophiam
2027 4479 2169 4535 cottidia-

1198 4595 1269 4633 nam
1292 4587 1379 4634 tanta
1403 4579 1551 4634 industria
1577 4588 1608 4633 et
1633 4578 1793 4634 verborum
1815 4578 1992 4652 profusione
2014 4580 2169 4654 persequi·

1199 4689 1256 4746 tur,
1288 4681 1317 4735 in
1351 4681 1510 4737 sententiis
1534 4682 1574 4736 de
1605 4681 1666 4734 deo
1690 4679 1839 4752 aquibus
1873 4697 1998 4736 exorsus
2030 4689 2076 4736 est
2107 4697 2169 4736 non

1199 4780 1297 4838 minus
1330 4781 1478 4856 prolixum
1510 4798 1543 4838 se
1572 4779 1776 4854 praestiterat.
1813 4799 1893 4856 quae
1926 4781 1956 4838 in
1985 4781 2012 4837 D
2047 4793 2170 4837 exstant

1198 4881 1317 4955 proprie
1347 4899 1410 4938 non
1433 4883 1525 4938 deum
1553 4881 1610 4937 sed
1639 4878 1711 4953 πῶς
1738 4877 1798 4954 χρὴ
1822 4877 1972 4955 εὔχεσθαι
2007 4883 2071 4964 θεῷ
2099 4901 2170 4958 spe—

1199 4991 1292 5052 ctant,
1315 4981 1411 5039 multo
1424 4983 1508 5058 plura
1531 4983 1597 5040 sine
1622 4983 1717 5039 dubio
1739 4984 1780 5040 de
1803 4983 1860 5040 diis
1883 4995 1914 5041 et
1937 4987 2065 5043 deorum
2088 4987 2170 5042 cultu

1200 5083 1429 5140 antecedebant
1451 5085 1480 5140 itt
1503 5085 1612 5159 quibus
1636 5083 1714 5140 illius
1737 5085 1803 5142 aevi
1825 5086 1963 5144 homines
1979 5085 2170 5162 Pythagorici

1201 5182 1254 5258 (ci.
1277 5181 1359 5242 Sext.
1381 5203 1450 5260 app.
1472 5182 1511 5259 lt)
1536 5185 1621 5241 multi
1651 5197 1746 5244 erant.
1802 5187 1929 5244 alterum
1959 5200 2062 5245 autem
2091 5187 2172 5262 stag·

1200 5295 1336 5342 tuentum
1359 5287 1400 5342 de
1423 5287 1554 5344 amicitia
1579 5286 1665 5361 quod
1689 5303 1779 5360 quem
1802 5287 1900 5344 locum
1923 5290 2052 5346 tenuerit
2075 5289 2171 5363 ipsius

1201 5385 1325 5444 Stobaei
1347 5388 1490 5445 socordia
1513 5385 1549 5460 (s
1573 5386 1627 5459 tt)
1650 5388 1796 5465 prodidit,
1829 5390 1905 5447 exile
1933 5399 2109 5464 excerptum
2133 5409 2170 5446 ex

1200 5487 1349 5562 capitibus
1371 5489 1495 5546 Stobaei
1518 5488 1688 5564 deperditis
1711 5505 1780 5546 esse
1802 5491 1984 5549 collectione
2002 5491 2026 5549 Ε
2042 5492 2171 5549 demon-

1201 5598 1322 5656 stratur,
1345 5589 1451 5664 inqua
1468 5609 1505 5646 ex
1526 5589 1643 5647 eisdem
1659 5592 1795 5665 partibus
1810 5610 1890 5649 nova
1904 5593 1990 5667 plura
2007 5595 2171 5651 accedunt.
