5076 6794
719 1369 735 1405 *
834 1327 851 1362 ὴ
952 1371 969 1408 ss

411 1458 442 1512 1⁸
453 1451 575 1530 Θεοῦς
592 1452 696 1533 δικαίᾳ
712 1452 761 1516 καὶ
774 1455 990 1536 μεμετρημένῃ
1007 1453 1148 1517 διαθέσει
1163 1454 1245 1534 τίμα,

450 1559 531 1623 ἀλλὰ
555 1562 595 1637 μή
619 1561 770 1638 ἀμέτροις
790 1565 927 1638 δωρεαῖς
951 1561 1119 1625 κολάκευε·

450 1669 525 1734 οὔτε
548 1671 609 1747 γὰρ
632 1669 782 1751 κολακείᾳ
805 1672 905 1748 χαίρει
927 1672 1004 1749 θεός

450 1781 524 1843 οὔτε
547 1780 565 1842 ὁ
588 1781 772 1843 κολακεύων
792 1785 866 1861 τιμᾷ
888 1781 926 1843 τό
948 1785 1045 1844 θεῖον.

428 1887 537 1967 4)θεοῑς
559 1893 624 1960 θῦε,
647 1892 687 1966 μή
711 1889 802 1968 ἡνίκα
826 1889 865 1954 ἀν
887 1892 1084 1973 πλουτήσῃς,

449 1999 516 2062 ἀλλ’
541 2001 632 2077 ἡνίκα
655 2000 694 2062 ἂν
716 2000 901 2082 φρονήσῃς·

447 2113 484 2173 τό
509 2112 565 2186 μὲν
588 2110 649 2187 γὰρ
672 2113 821 2173 πλουτεῖν
845 2110 981 2172 καὶτῶν
1004 2111 1258 2189 κακοδαιμόνων,

448 2220 484 2283 τό
507 2222 542 2284 δὲ
566 2223 699 2298 φρονεῖν
722 2217 823 2294 μόνον
845 2217 928 2281 ἴδιον
951 2219 1159 2294 εὐδαιμόνων.

406 2393 423 2449 2
446 2385 556 2462 Παρὰ
578 2389 675 2449 θεῶν
698 2385 737 2462 μὴ
761 2389 882 2462 συνεχῆ
906 2383 1003 2448 αἴτει
1026 2385 1147 2459 ύγίειαν
1174 2385 1335 2465 σώματος,

446 2497 527 2559 ἀλλὰ
549 2501 704 2571 διηνεκῶς
725 2493 866 2571 λάμβανε
889 2495 1111 2574 σωφροσύνην
1137 2500 1254 2574 ψυχῆς,
1288 2496 1339 2559 καὶ

447 2604 521 2668 οὔτε
544 2604 663 2685 ῥᾳδίως
684 2603 839 2680 νοσήσεις
856 2603 929 2667 οὔτε
946 2608 1057 2667 νοσῶν
1072 2605 1339 2681 δυσαρεστήσεις.

406 2773 499 2848 31Μὴ
523 2772 569 2836 ὧν
596 2773 757 2850 ἐπιθυμεῖς
780 2776 879 2834 ταῦτα
911 2773 1014 2849 παρὰ
1035 2775 1131 2836 θεῶν
1154 2772 1263 2853 αἴτει,
1287 2771 1339 2837 άλ-

446 2885 474 2948 λ’
504 2883 597 2960 ὅπως
628 2882 727 2960 αὐτῆς
759 2881 947 2963 ἀπαλλαγῇς
970 2886 1028 2959 τῆς
1051 2883 1218 2960 ἐπιθυμίας
1241 2887 1339 2946 τοῦτο

445 2995 530 3072 Ζήτει
553 2993 639 3070 παρὰ
662 2997 754 3060 θεῶν.

425 3101 520 3166 1’τότε
543 3119 604 3166 σου
625 3102 850 3165 εἰσακούουσιν
873 3101 903 3165 οἱ
927 3102 1003 3182 θεοί,

445 3212 536 3290 ἡνίκα
560 3211 599 3274 ἂν
623 3213 662 3287 μὴ
684 3212 756 3287 περὶ
778 3214 843 3274 τῶν
864 3210 980 3290 ἡδέων,
1003 3209 1085 3274 ἀλλὰ
1106 3212 1261 3289 περὶτῶν
1287 3233 1337 3276 κα-

445 3325 511 3385 λῶν
533 3320 618 3403 εὔχῃ.

444 3431 495 3492 καὶ
518 3431 590 3494 τότε
614 3445 668 3493 σοι
691 3429 836 3492 δώσουσι
859 3431 899 3492 τὰ
925 3429 1016 3504 καλά,

444 3540 536 3617 ἡνίκα
559 3540 599 3616 μὴ
623 3539 734 3620 ἡδονῇ,
758 3536 826 3602 ἀλλ’
850 3537 946 3619 ἀρετῇ
971 3539 1099 3616 χαίρεις.

402 3697 420 3753 4
444 3693 600 3768 Μέμνησο
623 3691 710 3767 παρὰ
739 3695 803 3753 τῶν
827 3689 977 3766 μεγάλων
1006 3688 1104 3753 αἰτεῖν
1134 3692 1173 3752 τὰ
1206 3691 1337 3771 μεγάλα,

446 3801 538 3878 μικρὰ
560 3801 621 3877 γὰρ
644 3799 703 3861 οὐκ
726 3797 766 3862 ἂν
789 3801 889 3860 δοῖεν·

442 3909 539 3974 οὐδὲν
562 3911 639 3972 θεοῦ
663 3911 770 3984 μεῖζον
792 3909 843 3969 καί
866 3905 1083 3984 ὑψηλότερον·

428 4147 463 4198 dc
482 4146 533 4198 deo
553 4149 582 4196 el
601 4145 716 4198 deorum
735 4144 811 4196 cultu
830 4143 911 4212 pluro
932 4143 1012 4196 initio
1033 4143 1195 4196 exciderunt
1214 4143 1247 4196 cl.
1265 4161 1292 4212 p.
1305 4144 1328 4204 7,

384 4235 408 4287 si
427 4234 527 4300 minus,
546 4233 682 4300 inciperet
701 4233 784 4294 θεοὺς
802 4231 868 4296 τίμα
888 4235 960 4297 κτλ.;
984 4248 1058 4284 πυιιο
1077 4237 1189 4298 practer
1210 4232 1278 4284 1-4
1297 4233 1331 4285 dc

382 4323 434 4376 deo
453 4323 510 4375 fere
529 4320 597 4373 nihil
619 4320 651 4373 cf.
674 4321 714 4372 14.
734 4320 776 4373 39.
797 4321 832 4373 50
866 4315 879 4390 ἡ
915 4320 1033 4383 ῖθεοῦς
1054 4321 1211 4382 θεὸςθεῑον
1231 4319 1292 4372 ott
1318 4319 1332 4391 Η

381 4409 472 4478 δικαίᾳ
498 4409 544 4477 (cs.
565 4409 599 4462 43
619 4409 673 4474 ex.)
699 4410 744 4460 καί
763 4408 956 4476 μεμετρημένῃ
984 4409 1105 4460 διαθέσει
1128 4413 1246 4476 propter
1266 4409 1330 4472 ἀμέ-

380 4516 457 4565 τροις
477 4501 595 4564 δωρεαῖς
621 4495 633 4565 ll
659 4497 741 4562 ἡνίκα
761 4498 795 4550 ἀν
814 4495 963 4549 manifesto
983 4513 1061 4548 sensu
1083 4495 1158 4547 finali
1179 4497 1240 4549 coll.
1259 4497 1329 4550 2-4

380 4597 407 4640 et
433 4587 480 4652 <243
507 4585 541 4638 οῖ.
561 4585 656 4638 coroll.
681 4584 693 4652 ll
719 4587 763 4638 καί
788 4589 848 4638 τῶν
873 4585 1094 4647 κακοδαιμόνων,
1120 4589 1217 4637 contra
1242 4587 1329 4649 μόνον

378 4676 451 4728 ἴδιον
471 4675 540 4741 (sine
559 4676 630 4740 τῶν)
651 4675 827 4738 εὐδαιμόνων
847 4683 911 4740 apte
948 4669 963 4743 ήί
1007 4673 1023 4724 ¹2
1042 4677 1146 4740 συνεχῆ
1166 4674 1245 4738 αἴτει,
1265 4692 1328 4728 con·

380 4769 424 4816 tra
443 4765 580 4830 διηνεκῶς
599 4765 719 4828 λάμβανε
740 4763 775 4814 ob
795 4763 940 4831 penuriam
961 4761 1109 4812 verborum
1131 4761 1193 4813 ctu
1213 4761 1327 4815 αἴτει-

379 4852 456 4918 Ζήτει
468 4850 481 4920 ΙΙ
493 4851 581 4906 αίτεῖν
601 4852 670 4903 9-4
689 4851 723 4904 cs.
738 4851 844 4904 tlt-92
857 4853 868 4910 ll
882 4851 926 4902 καῖ
947 4851 1012 4902 οὔτε
1033 4849 1135 4916 ῥᾳδίως
1154 4849 1200 4908 lul.
1220 4850 1265 4916 ι’)θ)
1284 4867 1328 4902 νο-

379 4941 475 5005 σήσεις
494 4944 552 4993 κτλ.
570 4940 641 4992 mira
661 4939 800 4992 conclusio
815 4941 825 4999 ΙΙ
838 4939 872 4990 dc
892 4937 1015 4990 clausula
1035 4939 1080 4989 καί
1093 4977 1097 4988 .
1109 4978 1114 4988 .
1125 4939 1256 5002 νοσήσεις
1269 4941 1327 4992 κτλ.

381 5027 415 5080 cl.
436 5028 532 5080 coroll.
567 5025 580 5097 ἡ
614 5029 631 5078 3
650 5029 715 5080 τότε
735 5041 787 5080 σου
807 5025 1003 5078 είσακαύουσιν
1023 5029 1086 5088 (non
1107 5025 1224 5094 futuro),
1245 5027 1327 5092 ἡνίκα

379 5118 414 5169 ἀν
433 5119 496 5183 περὶ
515 5119 574 5168 τῶν
594 5119 714 5169 καλῶν
733 5117 810 5181 εὔχῃ,
831 5117 875 5168 καί
893 5115 959 5166 τότε
980 5127 1024 5166 σοι
1044 5115 1170 5168 δώσουσι
1189 5116 1224 5168 τά
1244 5116 1327 5170 καλά

381 5207 438 5258 κτλ.
458 5204 616 5274 progressio
636 5209 678 5256 ost
699 5205 711 5270 ll
730 5203 765 5256 cf.
784 5204 819 5256 43
837 5202 908 5268 ἡνίκ’
929 5203 964 5254 ἀν
985 5231 1014 5240 —
1036 5204 1102 5256 τότε
1122 5205 1158 5268 μὴ
1179 5205 1211 5256 έα
1231 5205 1289 5256 κτλ.
1315 5202 1328 5271 ll

379 5291 461 5356 ἡνίκα
480 5293 514 5344 ἂν
526 5333 531 5344 .
544 5334 549 5344 .
562 5293 629 5359 εὔχῃ
649 5321 682 5329 -
701 5291 800 5356 ἡνίκα.
813 5291 932 5358 ,χαίρεις
951 5291 998 5352 (cf.
1021 5293 1045 5348 ll
1063 5295 1075 5356 ΙΙ
1095 5293 1161 5358 εύχῃ
1182 5293 1246 5357 περί
1263 5292 1274 5356 ΙΙ
1292 5290 1325 5342 ad

380 5381 483 5446 άμετὴν
503 5382 595 5434 omnin
616 5381 734 5433 tendunt
755 5385 784 5432 ut
805 5381 838 5432 ’13
881 5377 894 5449 ἡ
938 5379 1109 5447 4μέμνησα,
1128 5380 1171 5432 ότι
1191 5379 1233 5432 3ῖ.
1256 5379 1288 5430 41
1314 5377 1327 5446 ll

378 5471 519 5534 περὶτῶν
539 5470 668 5532 μεγάλων
689 5468 732 5528 (cs.
753 5470 778 5530 3)
798 5468 871 5521 col:
892 5485 963 5519 corr.
985 5467 1111 5529 schenkl,
1132 5467 1165 5519 cf.
1187 5467 1220 5518 79
1245 5466 1257 5533 ll
1282 5467 1326 5520 εὺ-

378 5558 495 5620 χόμενος
517 5561 669 5622 τοιγαροῦν
694 5560 752 5609 κτλ.
777 5557 810 5608 οῖ.
829 5558 860 5607 >ll
889 5557 1062 5622 κτησάμενος
1084 5559 1237 5621 τοιγαροῦν
1266 5557 1324 5607 κτλ,

1452 1218 1629 1298 εὐχόμενος
1652 1227 1826 1299 τοιγαροῦν
1847 1228 1964 1301 θεοῖς
1987 1225 2095 1288 αῖτει
2117 1226 2157 1288 τὰ
2180 1229 2257 1302 θεῖα,

1454 1327 1500 1391 ὧν
1523 1328 1620 1392 οὐδὲν
1643 1329 1799 1408 σάρκινον
1821 1332 1871 1395 καὶ
1896 1333 2007 1411 γήινον
2030 1335 2126 1410 ψαύει
2148 1334 2261 1413 πάθος.

1499 1438 1566 1490 1-4
1580 1437 1645 1489 :ll
1664 1440 1732 1491 1-4
1751 1439 1839 1502 (Stob.
1858 1441 1892 1494 fr.
1914 1444 2030 1510 11-14)

1756 1547 1775 1580 lt
1920 1549 1938 1583 ii·

1408 1633 1425 1688 5
1450 1605 1691 1705 Παραφύλαττε
1715 1633 1839 1693 σαυτόν
1864 1632 1899 1694 έν
1921 1635 2016 1696 παντὶ
2038 1639 2084 1715 τῷ
2107 1634 2173 1716 βίψ,

1450 1737 1491 1812 μὴ
1515 1735 1594 1818 λάθῃ
1619 1753 1657 1800 σε
1680 1738 1922 1816 συναρπάσασα
1946 1741 2105 1819 ἀδόκητος
2128 1743 2295 1820 φαντασία

1452 1845 1471 1920 ἢ
1495 1844 1589 1926 φόβψ
1609 1850 1874 1926 καταπληξαμένη
1898 1849 1916 1924 ἡ
1940 1850 2040 1932 ἡδονή
2063 1851 2271 1925 γοητεύσασα

1451 1953 1635 2036 ἡέπιθυμία
1648 1958 1931 2033 παραλογισαμένη
1955 1957 1973 2033 ἢ
1993 1958 2074 2041 λύπῃ
2098 1957 2351 2023 ἐξαλλοιιύσασα

1450 2061 1571 2144 ἢόργῇ
1596 2062 1835 2141 ἐξοιστρήσασα
1858 2067 1876 2142 ἢ
1901 2067 1976 2150 δόξῃ
2001 2067 2266 2131 ἐκθυελλῶσασα·

1409 2176 1425 2231 6
1450 2169 1559 2233 ἔπειτα
1580 2171 1730 2249 πράττειν
1761 2173 1928 2258 ἀναγκάσῃ
1954 2173 2003 2253 οῖς
2031 2177 2185 2253 ἐγχειρῶν
2218 2179 2275 2253 μὲν
2306 2177 2348 2241 ού

1449 2284 1716 2362 παρακολουθεῖς,
1737 2282 1921 2361 παυόμενος
1941 2287 1976 2347 δὲ
2000 2288 2174 2362 μετανοεῖς,

1444 2389 1584 2472 ταράττῃ
1608 2391 1643 2453 δὲ
1667 2391 1707 2452 τὰ
1730 2393 1865 2454 πλείονα
1889 2395 1939 2454 καὶ
1963 2391 2139 2470 ἀτρεμίζεις
2163 2394 2287 2470 ἡκιστα,

1445 2500 1535 2576 δίκην
1563 2499 1779 2578 ἀκυβερνὴτυυ
1803 2504 1886 2580 νεῶς
1911 2504 1946 2565 ἐν
1968 2503 2114 2584 χειμερίῳ
2137 2505 2272 2568 κλύδωνι

1446 2607 1465 2682 ἡ
1485 2606 1535 2669 ὑπ’
1559 2606 1745 2670 ἀντιπάλων
1769 2607 1970 2686 ῥιπιζομένης
1993 2608 2122 2686 ἀνέμων
2142 2611 2243 2692 ῑόφψ.

1406 2721 1422 2772 7
1445 2713 1543 2776 Ἀλλὰ
1560 2715 1621 2791 γὰρ
1638 2715 1683 2792 ῶς
1699 2716 1734 2777 ἐν
1749 2718 1908 2798 πολέμῳ
1925 2718 1983 2790 τινί
2006 2718 2172 2796 χρώμενος
2188 2717 2282 2801 όπλψ
2298 2726 2347 2804 τῷ

1446 2823 1534 2903 λόγῳ
1557 2824 1640 2901 πρός
1664 2825 1722 2900 τὴν
1746 2825 1857 2887 κακίαν
1881 2827 1932 2887 καὶ
1953 2830 2087 2888 σκοπῶν
2110 2827 2147 2890 τὸ
2169 2828 2267 2892 καλόν
2292 2829 2347 2892 καὶ

1447 2933 1724 3012 προβαλλόμενος,
1749 2935 1885 2997 διατέλει
1908 2933 2059 3012 ύπάρχων

1445 3041 1483 3103 τό
1507 3043 1565 3116 μὲν
1588 3041 1666 3118 ἡθος
1691 3041 1862 3121 εὐσταθής,
1886 3045 1944 3118 τήν
1966 3045 2000 3106 δὲ
2023 3045 2152 3121 γνώμην
2174 3045 2349 3124 εύσθενής,

1446 3149 1503 3211 τόν
1529 3151 1564 3211 δὲ
1587 3150 1686 3223 λόγον
1709 3151 1870 3228 ἐμβριθής,
1890 3153 1949 3227 τήν
1972 3154 2007 3214 δὲ
2030 3155 2143 3229 πρᾶξιν
2166 3153 2346 3231 εὐπρεπής·

1445 3258 1496 3322 καὶ
1521 3259 1579 3333 τήν
1603 3260 1659 3334 μέν
1682 3257 1760 3336 ὄψιν
1782 3259 1914 3337 σεμνός,
1937 3261 1995 3336 τήν
2019 3263 2055 3323 δέ
2077 3261 2201 3338 ὁμιλίαν
2224 3261 2335 3341 ἤπιος.

1445 3367 1501 3430 τόν
1524 3369 1559 3430 δέ
1582 3367 1703 3444 τρόπον
1726 3366 1861 3445 ἡμεραςι

1446 3475 1618 3552 εὐγνώμων
1642 3478 1676 3538 δέ
1700 3477 1757 3553 τὴν
1785 3475 1940 3554 διάνοιαν,
1965 3479 2021 3542 τόν
2039 3481 2074 3542 δέ
2098 3479 2167 3557 βίον
2183 3480 2345 3558 χρηστός·

1446 3585 1485 3661 μὴ
1503 3585 1627 3662 θρασύς
1643 3587 1693 3648 καῖ
1710 3584 1848 3663 ὀργίλος,
1866 3585 1947 3649 ἀλλὰ
1963 3589 2147 3665 θαρσαλέος
2163 3589 2214 3650 καὶ
2227 3594 2345 3670 πρᾷος.

1401 3701 1419 3754 θ
1443 3684 1645 3772 Ἀνδρείας
1668 3697 1730 3772 γὰρ
1753 3696 1811 3772 οὐχ
1828 3696 1845 3758 δ
1867 3695 1994 3759 τύπτων
2010 3698 2061 3759 καί
2077 3696 2287 3774 καταβάλλων
2302 3701 2345 3761 τὰ

1444 3801 1587 3877 σώματα,

1442 3907 1510 3972 ἀλλ’
1535 3909 1552 3972 ὁ
1578 3908 1771 3972 ἀνεξικακῶν
1794 3911 1845 3973 καὶ
1870 3909 1973 3993 πάντῃ
1999 3911 2103 3990 έστῶς
2127 3918 2165 3995 τῇ
2189 3915 2333 3998 διανοίᾳ·

1394 4143 1428 4197 cf.
1446 4145 1488 4197 3⁸.
1502 4146 1543 4198 ll.
1554 4145 1597 4196 332).
1608 4145 1643 4197 43
1655 4143 1667 4214 ΙΙ
1679 4147 1777 4212 γήινον
1797 4145 1831 4197 οῖ’.
1853 4146 1883 4197 ιἰῖ
1904 4150 1915 4210 ΙΙ
1933 4148 2018 4212 ψαύει
2039 4146 2072 4200 cf.
2093 4148 2126 4198 ῦά
2163 4144 2177 4216 l]
2214 4149 2230 4198 ἶ)
2251 4166 2346 4216 παρα·

1392 4233 1517 4300 φύλαττε
1539 4233 1644 4285 σαυτὸν
1663 4250 1766 4286 novum
1787 4233 1933 4286 exordium
1954 4235 1994 4299 (ct
2012 4233 2112 4286 liincF
2133 4235 2241 4304 incipit)
2258 4237 2346 4290 of.24

1392 4321 1502 4374 ἐξέταζε
1525 4323 1631 4374 σαυτόν
1654 4321 1665 4387 ἡ
1687 4322 1704 4386 ἡ
1729 4323 1811 4391 φόβῳ
1838 4326 1895 4374 κτλ.
1916 4323 2013 4374 similis
2033 4323 2204 4375 abundantia
2228 4329 2259 4376 ut
2281 4327 2307 4378 7.
2328 4325 2345 4378 8

1392 4409 1461 4460 u1⁶2
1480 4409 1526 4474 (cf.
1546 4409 1581 4461 ad
1603 4407 1705 4478 lollii),
1732 4410 1800 4462 oudo
1819 4409 1912 4462 nullus
1945 4411 1956 4476 ll
1987 4411 2220 4476 καταπληξαμένη
2241 4410 2276 4462 cs.
2300 4411 2344 4464 ἓιὶ.

1390 4498 1424 4549 §to
1437 4498 1448 4562 ll
1460 4498 1641 4561 γοητεύσασα
1660 4498 1694 4550 cl.
1706 4499 1747 4550 ῖῑι.
1760 4499 1793 4550 tul
1807 4497 1818 4564 ll
1832 4499 2040 4564 ἐξοιστρῶσασα
2052 4501 2074 4549 A
2107 4495 2121 4568 „l
2155 4499 2171 4546 tl
2193 4499 2343 4566 ἀναγκάσῃ

1388 4585 1487 4654 scripsi
1508 4587 1582 4650 (cum
1601 4585 1664 4637 Par.
1687 4586 1764 4649 13:30)
1790 4585 1823 4638 cl.
1842 4587 1889 4637 ἑλιίι
1919 4587 2032 4639 Ἔπειτα
2057 4603 2103 4652 πρ.
2130 4586 2284 4648 ἀναγκάσει
2311 4595 2344 4640 ut

1388 4691 1488 4725 novam
1509 4679 1578 4726 sent.
1593 4674 1666 4736 roll.;
1689 4674 1734 4741 sulti
1754 4675 1941 4739 φαντασία-
1953 4675 2084 4740 πράττειν
2098 4676 2109 4740 ll
2123 4675 2271 4740 ἐπιχειρῶν
2286 4681 2310 4728 Α
2332 4676 2345 4746 Η

1386 4763 1512 4830 ταράττῃ
1532 4763 1616 4816 δὲτὰ
1638 4762 1754 4814 πλείονα
1774 4765 1817 4814 καί
1838 4763 1991 4828 άτρεμῖῑεις
2006 4765 2108 4826 ἣκιστα
2122 4763 2257 4815 adiectum
2276 4781 2343 4831 pro·

1388 4857 1451 4917 ptor
1472 4867 1487 4900 ι
1508 4853 1731 4905 ἐκθυελλῶσασα.
1751 4851 1814 4902 indo
1834 4851 1915 4916 δίκην
1935 4851 2127 4917 ἀκυβερνὴτου
2146 4851 2218 4913 νεὼς
2237 4855 2298 4904 κτλ.
2332 4851 2345 4920 ll

1387 4939 1404 5002 ἡ
1427 4944 1455 4990 et
1474 4941 1554 5006 ῑδφψ
1578 4939 1695 4990 delenda
1715 4939 1769 4990 vid.
1793 4941 1850 4992 ικαὶ
1870 4940 1949 5006 Ζόφψ
1970 4944 1993 5000 ο)
2015 4940 2026 5004 ΙΙ
2050 4939 2237 5004 ραπιζομένης
2255 4943 2281 4992 Α
2322 4937 2337 5010 Ι

1388 5028 1402 5078 l
1423 5027 1493 5078 ἀλλὰ
1509 5027 1563 5092 γὰρ
1581 5025 1616 5078 cs.
1629 5027 1663 5078 θῖ
1676 5030 1687 5089 ΙΙ
1701 5026 1826 5094 πολέμψί
1847 5028 1926 5080 πόλει
1939 5027 1960 5078 Β
1975 5033 1985 5093 ΙΙ
1998 5027 2062 5095 τινί]
2083 5027 2116 5078 dc
2133 5027 2298 5093 pronomine
2313 5029 2342 5080 in

1387 5114 1641 5182 comparationibus
1656 5115 1753 5166 addito
1766 5115 1799 5166 cl.
1812 5114 1917 5167 Uscnei·
1933 5115 1983 5166 dci·
1996 5114 2023 5166 h.
2034 5113 2202 5167 'l'hcodosios
2215 5132 2232 5182 p
2257 5115 2311 5168 114
2332 5113 2348 5184 ll

1387 5203 1426 5265 ῶς
1437 5204 1467 5255 ἐν
1477 5204 1591 5270 πολέμῳ
1603 5205 1748 5267 χρώμενος
1760 5205 1838 5269 όπλψ
1854 5202 1887 5254 os.
1898 5205 1929 5254 1:23
1940 5204 1978 5266 ιίις
1989 5203 2030 5255 άλ.
2039 5203 2154 5266 δυνάμει
2164 5203 2313 5268 χρώμενος
2329 5203 2343 5270 Ιγ

1385 5292 1612 5356 προβαλλόμενος
1625 5291 1757 5344 διατέλει·
1772 5291 1906 5355 ύπάρχων
1920 5290 2052 5343 Schenkl:
2067 5307 2137 5342 corr.
2150 5289 2341 5357 Brinlimanm

1386 5379 1505 5433 διατέλει
1525 5377 1558 5430 cf.
1580 5379 1612 5428 (ll
1640 5375 1652 5446 ΙΙ
1678 5379 1813 5443 ὑπάρχων
1834 5377 2086 5444 frequentissimum
2113 5377 2147 5428 cs.
2166 5377 2209 5428 ⁴28.
2230 5377 2274 5430 40.
2295 5379 2339 5430 41.

1385 5467 1428 5519 43.
1439 5465 1533 5518 inliti.
1545 5467 1587 5518 70.
1600 5467 1641 5518 71.
1654 5465 1687 5518 73
1702 5467 1713 5530 ἡ
1725 5468 1776 5518 τὸν
1795 5467 1825 5518 δέ
1845 5466 1930 5528 λόγον
1949 5471 2013 5534 post
2031 5467 2175 5531 χρώμενος
2195 5467 2276 5533 όπλψ
2295 5471 2339 5532 τῷ

1385 5556 1460 5624 λόγῳ
1498 5552 1511 5625 ll!
1549 5554 1638 5606 8-13
1658 5571 1836 5608 numerorum
1856 5555 2101 5608 inconcinnitatem
2118 5554 2252 5619 (οο11.4θ)
2273 5572 2339 5624 pro·

2510 4371 2512 4390 Ι

2511 4413 2512 4434 l

2510 4531 2512 4570 l

2510 4627 2512 4654 ι

2510 4827 2512 4864 l

2510 4865 2512 4892 ι
