5046 6802
1168 629 1204 692 11

182 816 378 894 philosophia
403 817 507 873 leviter
530 818 676 874 imbutum
699 835 732 875 se
756 818 913 892 praebeat.
946 818 1077 875 hominis
1100 819 1158 876 siu·
1214 819 1310 886 iectis‚
1334 835 1387 874 eas
1408 817 1517 875 saltem
1540 817 1582 872 ita
1604 817 1696 873 edere
1712 817 1855 874 constitui
1876 827 1912 874 ut
1936 818 2023 874 simul
2045 825 2183 875 naturam

184 919 377 991 gularitatem
400 935 569 991 cognosces
591 918 616 974 si
637 936 663 978 e.
674 937 700 994 g.
719 918 882 976 contuleris
905 937 986 993 quae
1001 915 1073 992 περὶ
1088 934 1160 994 τρο·

183 1020 251 1092 φῆς
263 1018 423 1076 Musonius
439 1019 557 1093 scripsit
569 1019 665 1088 (Stob.
680 1019 722 1078 Fl.
742 1021 788 1095 17,
804 1022 843 1078 43
858 1012 922 1096 111),
938 1039 1008 1076 narn
1023 1021 1072 1078 ille
1085 1037 1159 1094 quo-

182 1138 242 1194 que
265 1116 339 1192 περὶ
360 1119 487 1194 τροφῆς
503 1112 608 1178 εἰώθει
630 1116 687 1192 μὲν
703 1115 859 1196 πολλάκις
879 1118 984 1191 λέγειν
1007 1118 1057 1180 καὶ
1075 1117 1160 1182 πάνυ

183 1217 404 1293 ἐντεταμένως
433 1214 479 1292 ὡς
501 1215 540 1278 οὐ
563 1217 635 1293 περὶ
658 1218 769 1294 μικροῦ
798 1216 987 1295 πράγματος
1021 1217 1090 1281 οὐδ’
1114 1218 1160 1295 εἰς

184 1316 279 1392 μικρὰ
302 1317 525 1396 διαφέροντος,
550 1318 632 1400 ᾤετο
648 1317 709 1394 γὰρ
726 1317 828 1395 ἀρχὴν
843 1318 895 1380 καλ
918 1318 1086 1398 ὑποβολήν
1100 1323 1159 1383 τοῦ

182 1420 370 1496 σωφρονεῖν
393 1415 474 1482 εἶναι
496 1419 555 1494 τὴν
571 1418 607 1481 ἐν
622 1417 736 1495 σιτίοις
752 1419 804 1481 καὶ
825 1421 938 1498 ποτοῖς
963 1419 1158 1498 ἐγκράτειαν,

182 1533 214 1578 et
237 1518 309 1595 περὶ
331 1519 454 1596 σκέπης
472 1521 568 1590 (Stob.
582 1522 605 1578 F
609 1523 662 1581 lor.
678 1527 703 1588 l,
722 1525 781 1582 209
798 1522 836 1580 H.
863 1528 889 1598 1,
906 1523 945 1582 84
962 1523 1002 1581 111.
1027 1524 1064 1584 cl.
1081 1524 1158 1582 Flor.

182 1623 234 1691 85,
251 1621 369 1699 loll),
393 1633 443 1679 aut
470 1640 538 1679 cum
560 1641 586 1680 s.
601 1624 638 1680 32
663 1624 728 1680 sim.
753 1624 961 1699 composueris
984 1625 1159 1682 Aristotelis

183 1727 390 1799 fragmentum
413 1726 497 1799 apud
519 1723 603 1783 Stob.
622 1724 702 1782 Flor.
724 1727 751 1794 3,
768 1727 805 1782 25
832 1721 912 1797 (cum
937 1722 1053 1780 Hensei
1077 1725 1159 1798 adn,

183 1830 211 1902 3,
232 1824 355 1902 5411).
386 1843 486 1900 neque
509 1826 608 1882 minus
631 1825 661 1881 in
687 1826 966 1898 comparationibus
989 1826 1029 1882 acl
1053 1825 1160 1882 humil·

182 1931 254 1986 lima
273 1927 435 1986 deseendit
452 1925 502 2000 (cl.
516 1947 538 1986 s.
553 1927 626 1984 88-
638 1928 700 1998 tut),
726 1945 804 2000 quae
822 1927 913 2002 longe
930 1927 1074 1984 differunt
1091 1945 1117 1985 e.
1131 1946 1159 2001 g.

180 2049 200 2098 a
232 2029 377 2102 gnomicis
408 2027 461 2084 illis
490 2025 714 2084 homoeomatis
743 2025 790 2098 (ut
817 2027 950 2086 Socratis
979 2037 1049 2084 sunt
1077 2029 1158 2101 apud

181 2127 365 2197 Stobaeum)
390 2145 515 2202 quorum
532 2129 644 2184 multae
661 2128 732 2185 incie
755 2131 793 2184 ab
817 2129 949 2204 antiquis
973 2129 1159 2204 temporibus

182 2231 361 2288 ferebantur
387 2228 586 2284 collectiones
615 2229 794 2303 propediem
833 2230 983 2288 edendae.
1025 2229 1158 2304 denique

182 2335 213 2388 in
240 2331 399 2387 verborum
422 2331 543 2386 delectu
560 2339 591 2384 et
607 2331 833 2403 compositione
850 2329 944 2386 multa
960 2331 1062 2386 insunt
1080 2347 1158 2404 quae

179 2434 267 2507 apud
295 2432 386 2489 alium
412 2427 590 2503 scriptorem
622 2431 667 2484 vix
701 2431 844 2504 reperias.
888 2446 1029 2484 sermone
1065 2447 1158 2504 saepe

180 2533 277 2588 utitur
299 2541 361 2588 tarn
386 2532 554 2605 depravato
579 2541 611 2587 ut
635 2533 794 2587 barbarum
818 2531 918 2604 potius
942 2547 1033 2605 quatu
1062 2530 1158 2587 Grae—

179 2652 253 2691 cum
279 2635 384 2688 audire
416 2633 469 2688 tibi
493 2633 631 2699 videaris
655 2641 685 2689 et
711 2633 740 2686 ni
766 2631 853 2688 lallor
876 2630 994 2706 linguae
1019 2631 1158 2688 Graecae

178 2735 314 2808 vulgaris
343 2733 514 2807 exemplum
538 2734 624 2789 nobis
654 2745 806 2790 servatum
829 2741 876 2789 est
899 2749 962 2820 non⁸
985 2750 1157 2791 commune.

178 2835 293 2910 quibus
329 2852 365 2890 ex
390 2835 480 2889 rebus
510 2853 581 2890 nuru
613 2836 687 2908 quid
717 2836 757 2890 de
790 2843 892 2890 aetate
922 2841 953 2888 et
981 2835 1078 2906 patria
1105 2852 1158 2890 au-

177 2936 276 2993 ctoris
305 2935 384 2990 ellici
408 2938 514 3009 possit,
547 2935 635 2992 huius
666 2936 709 2991 rei
736 2935 927 3009 peritioribus
957 2935 1156 2992 iudicandum

177 3036 334 3112 relinqu03
358 3036 476 3109 singula
492 3054 671 3093 enumerare
689 3036 877 3109 supersedeo
896 3051 974 3108 quae
989 3035 1099 3090 rectius
1117 3036 1157 3090 ad

176 3141 265 3213 ipsas
287 3139 459 3194 sententias
480 3138 622 3195 adnotari
646 3137 836 3195 videbantur.

224 3241 281 3295 sed
309 3257 348 3294 ne
379 3237 539 3294 intermina
567 3239 679 3294 evadat
705 3236 865 3310 praefatio,
898 3225 964 3293 iam⁴
987 3236 1092 3311 paucis
1116 3236 1156 3291 de

176 3341 319 3397 editione
348 3347 453 3396 nostra
482 3317 594 3396 additis
622 3339 849 3396 concludamus
897 3349 989 3412 atque
1020 3354 1090 3394 cum
1117 3355 1156 3393 ea

177 3459 262 3518 quae
278 3442 318 3497 de
334 3441 528 3497 restituendo
551 3439 748 3514 gnomologio
768 3440 902 3495 dicenda
923 3437 1068 3494 haberem
1084 3447 1156 3510 apte

1174 1125 1181 1134 π

1211 928 1306 994 atque
1329 917 1582 992 compositionem
1604 925 1813 988 monstrarem,
1836 925 1867 974 et
1883 919 2022 975 omnibus
2038 937 2099 976 una
2114 936 2184 994 pro·

1210 1021 1317 1094 positis
1345 1021 1424 1076 viam
1447 1018 1594 1092 aperirem
1624 1018 1666 1074 ad
1693 1020 1904 1093 quaestionem
1928 1020 1967 1075 de
1990 1028 2117 1078 auctore
2139 1028 2182 1077 at·

1211 1136 1271 1194 que
1306 1118 1464 1192 disciplina
1502 1118 1717 1177 deliniendam.
1760 1136 1854 1194 quare
1884 1121 1976 1178 verba
2012 1121 2054 1178 ita
2085 1121 2183 1195 expri-

1211 1221 1328 1276 menda
1350 1220 1450 1276 curavi
1473 1229 1506 1276 ut
1528 1219 1721 1276 antitheseon
1740 1221 1874 1277 membra
1898 1222 2044 1296 pleraque
2066 1223 2097 1278 in
2115 1221 2183 1279 cola

1211 1321 1355 1394 discripta
1376 1329 1482 1378 essent
1503 1336 1564 1394 quo
1588 1319 1705 1376 facilius
1728 1330 1758 1378 et
1775 1339 1882 1378 sensus
1904 1329 1935 1376 et
1951 1329 2101 1378 structura
2116 1341 2181 1396 per·

1211 1422 1410 1496 spicerentur,
1447 1423 1580 1480 diductis
1614 1432 1715 1480 autern
1745 1422 1850 1478 litteris
1880 1431 2026 1497 quantum
2058 1424 2183 1496 quidem

1212 1522 1274 1578 lieri
1298 1524 1398 1598 potuit
1420 1541 1533 1580 nexum
1558 1533 1651 1599 atque
1674 1531 1854 1598 argumenta
1871 1524 2089 1580 sententiarum
2108 1525 2183 1580 indi·

1211 1641 1318 1681 carem.
1341 1624 1455 1680 deinde
1468 1625 1612 1697 quoniam
1625 1623 1760 1680 editores
1777 1624 1976 1680 animadverti
1992 1626 2031 1682 ad
2046 1625 2182 1682 indolem

1211 1724 1365 1798 scriptoris
1388 1742 1450 1780 non
1473 1725 1545 1782 satis
1569 1733 1704 1780 attentos
1725 1723 1873 1781 nonnulla
1888 1725 1985 1781 minus
2008 1735 2092 1782 recte
2115 1743 2182 1802 per-

1210 1826 1310 1898 egisse
1327 1836 1358 1881 et
1375 1825 1527 1900 indignius
1544 1825 1639 1880 visum
1658 1833 1707 1880 est
1730 1825 1908 1898 scriptorem
1929 1825 2183 1901 qualemcumque

1210 1927 1287 1984 male
1310 1927 1494 1983 intellectum
1518 1926 1670 1994 exhibere,
1693 1941 1816 1999 operam
1841 1926 1913 1982 dedi
1940 1935 1972 1982 ut
1999 1945 2062 1982 nou
2084 1927 2182 1984 solum

1211 2029 1302 2085 verba
1328 2037 1469 2084 accurate
1493 2044 1691 2101 recenserem,
1721 2027 1777 2082 sed
1801 2027 1829 2082 in
1853 2027 1933 2083 notis
1956 2045 2048 2102 quarn
2071 2029 2183 2086 brevis-

1212 2131 1287 2186 sime
1314 2128 1517 2203 significarem
1545 2129 1693 2203 quidquid
1721 2128 1761 2184 ad
1791 2127 1959 2184 sententias
1986 2129 2183 2202 explicandas

1213 2228 1314 2284 facere
1336 2229 1490 2285 videretur
1517 2261 1549 2270 -
1576 2247 1653 2302 opus
1681 2238 1713 2286 et
1741 2228 1851 2284 laboris
1875 2239 1907 2284 et
1933 2229 2028 2285 taedii
2051 2230 2183 2304 plenum.

1209 2346 1248 2384 ne
1280 2339 1382 2386 tamen
1411 2330 1487 2387 fines
1519 2331 1711 2395 excederem,
1739 2330 1817 2384 intra
1844 2329 1998 2403 scriptoris
2022 2330 2113 2386 verba
2134 2349 2183 2388 me

1212 2429 1357 2494 continui,
1385 2447 1463 2485 neve
1486 2433 1578 2487 verba
1605 2441 1748 2486 notarum
1777 2429 1857 2486 mole
1881 2429 2050 2501 obruerem,
2080 2431 2183 2487 obser·

1211 2532 1367 2586 vationum
1390 2533 1583 2588 corollarium
1608 2549 1675 2588 cum
1699 2529 1831 2588 indiculo
1855 2531 2003 2588 subiunxi.
2030 2533 2182 2590 —varias

1211 2633 1357 2690 lectiones
1380 2632 1516 2707 potiores
1534 2640 1652 2688 tantum
1670 2631 1765 2689 attuli.
1800 2651 1871 2688 nam
1888 2631 2058 2706 syllogaeF
2076 2633 2181 2690 lectio-

1210 2752 1281 2790 num
1306 2733 1486 2808 larraginem
1509 2733 1582 2790 satis
1607 2735 1703 2788 visum
1726 2741 1773 2788 est
1795 2733 1888 2789 semel
1912 2733 2050 2789 emisisse
2070 2733 2182 2792 Schen-

1210 2833 1329 2902 kehmn,
1363 2834 1487 2891 Stobaei
1519 2835 1613 2890 editio
1647 2835 1685 2890 ab
1715 2833 1841 2890 Henseo
1870 2851 1987 2890 summa
2015 2852 2083 2892 cum
2111 2853 2182 2892 cura

1210 2944 1317 3010 parata
1341 2937 1400 2992 iam
1423 2937 1505 3010 prela
1529 2945 1659 3002 exercet,
1684 2935 1798 2992 Ecum
1822 2935 1930 3014 ceteris
1956 2935 2094 3008 partibus
2121 2935 2183 2992 col-

1210 3037 1348 3092 lectionis
1373 3035 1551 3094 Parisiensis
1574 3045 1606 3092 et
1629 3035 1795 3091 Maximum
1818 3029 1924 3110 (quem
1947 3035 1977 3090 in
2002 3035 2025 3091 E
2050 3036 2181 3110 plerum·

1208 3155 1277 3211 que,
1309 3139 1337 3193 in
1363 3138 1498 3194 Stobaeo
1521 3139 1613 3194 rarius
1638 3133 1765 3212 adscivi)
1790 3135 1855 3209 ipse
1878 3137 2057 3211 propediem
2080 3138 2181 3212 prote-

1208 3255 1282 3294 ram.
1316 3245 1448 3296 ceterum
1472 3238 1609 3312 singulas
1631 3236 1740 3312 quibus
1752 3236 1885 3312 Epicteti
1908 3237 1970 3292 sive
1991 3237 2180 3295 Moschionis

1210 3339 1441 3414 gnomologium
1476 3339 1668 3414 componitur
1700 3337 1897 3395 collectiones
1931 3340 2093 3396 commode
2127 3358 2180 3396 ex·

1210 3457 1333 3514 pressas
1363 3451 1396 3497 ut
1418 3441 1480 3496 dixi
1507 3439 1602 3496 hahes
1633 3440 1663 3495 in
1691 3439 1819 3512 Epicteti
1850 3439 1928 3494 libris
1960 3437 2180 3497 aSchenlrelio

179 3543 328 3618 explicari
361 3559 422 3599 non
453 3558 546 3616 posse
575 3543 708 3598 viderem
738 3541 795 3596 nisi
819 3539 890 3613 ipsis
919 3539 1077 3594 sententiis
1102 3537 1156 3592 ad·
1208 3543 1348 3600 edendis.

1060 3947 1196 4000 Notaretur
1214 3943 1303 3998 index.

216 4083 241 4134 D
254 4081 462 4145 εἜπικτήτοο
483 4080 637 4133 sententiae
657 4097 701 4148 ap.
722 4079 799 4132 Stob.
819 4077 878 4131 Eol.
896 4077 996 4146 fragm.
1019 4077 1130 4128 11-14,
1154 4077 1254 4130 17-21
1276 4076 1303 4127 in
1325 4074 1385 4127 cod.
1398 4074 1461 4128 vat.
1483 4075 1551 4128 1144
1573 4091 1643 4128 saec.
1664 4073 1713 4126 XV
1734 4073 1857 4127 1012031
1875 4075 1956 4138 (mus.
1970 4072 2046 4126 rhen.
2059 4075 2102 4134 47,
2119 4075 2180 4142 131)

182 4163 187 4170 ’
219 4171 289 4224 C=
301 4171 466 4234 Ἐπικτήτου
486 4169 641 4222 sententiae
660 4185 705 4236 ap.
718 4165 795 4220 Stob.
810 4166 831 4218 F
834 4167 884 4219 lor.
904 4183 963 4233 cap.
986 4167 1008 4218 1.
1028 4165 1052 4218 9.
1072 4165 1115 4218 46.
1135 4165 1179 4224 46,
1199 4163 1278 4217 codd.
1299 4161 1608 4230 alestam-utebar.)
1629 4161 1761 4215 lectiones
1780 4161 1913 4230 plurimas
1928 4159 1959 4214 Ο.
1975 4161 2065 4215 Hense
2079 4161 2180 4216 Schen-

297 4257 377 4318 helio,
397 4256 465 4310 alias
485 4256 554 4308 mihi
574 4256 768 4323 commodavit,
789 4257 816 4307 in
837 4273 897 4323 cap.
919 4257 932 4306 1
954 4252 999 4316 (cl.
1019 4271 1039 4304 s.
1060 4270 1086 4320 p.
1100 4251 1128 4318 3)
1149 4251 1248 4304 Hensei
1268 4251 1353 4303 editio
1373 4257 1484 4318 praesto
1504 4255 1564 4302 erat

213 4345 239 4399 F
251 4367 282 4391 =
296 4344 463 4410 Μοσχίωνος
483 4345 623 4408 ὑποθῆκαι
642 4345 678 4410 (ν.
700 4343 818 4396 Schenkl
839 4343 883 4396 die
903 4341 1019 4410 epiktet.
1039 4340 1061 4393 F
1065 4357 1153 4409 ragm.
1174 4357 1201 4408 p.
1215 4339 1257 4408 77,
1278 4339 1399 4410 Epictet.
1420 4357 1447 4407 p.
1460 4338 1533 4406 486),
1553 4339 1580 4391 in
1600 4337 1742 4391 codicibus
1813 4403 1814 4406 Ἴ

294 4437 318 4484 Α
331 4455 361 4476 ==
373 4431 455 4485 Vind,
474 4433 525 4484 iur.
548 4434 559 4485 1
581 4451 600 4483 ο.
623 4431 660 4484 xl
680 4451 722 4484 ex.
741 4432 788 4485 iol.
807 4429 994 4496 3421Ι1Ιὶιιι1,
1015 4429 1098 4483 theol.
1119 4429 1171 4482 289
1190 4445 1210 4481 s.
1230 4427 1278 4480 XV
1299 4427 1346 4479 101.
1365 4427 1415 4480 281
1431 4429 1436 4492 Ι
1452 4427 1514 4480 Par.
1537 4427 1619 4480 1:3572
1640 4445 1661 4480 s.
1680 4423 1745 4478 XIV
1763 4425 1809 4479 fol.
1829 4425 1881 4478 292

295 4519 397 4584 B==bl
418 4521 501 4572 Marc.
525 4519 573 4572 173
592 4537 611 4572 s.
633 4519 682 4571 Xll
706 4519 751 4572 101.
772 4520 839 4573 tarr
856 4521 861 4585 Ι
878 4519 939 4572 Par,
961 4519 1029 4572 1346
1048 4536 1068 4570 e.
1087 4517 1124 4569 111
1146 4517 1191 4570 101.
1213 4517 1281 4572 2731·
1303 4516 1376 4582 Ι336)

366 4617 392 4672 ct
416 4607 550 4660 Arundel.
570 4607 621 4660 616
642 4625 661 4660 s.
683 4607 733 4659 xlt
754 4606 801 4660 fol.
822 4607 874 4660 31ιῦ
891 4609 895 4671 Ι
912 4607 1024 4659 Barocc.
1047 4607 1097 4658 173
1117 4623 1136 4656 s.
1157 4603 1222 4657 XlIl
1244 4603 1288 4656 101.
1308 4604 1360 4656 343

368 4696 395 4762 d)
415 4693 477 4748 vat.
497 4695 549 4749 834
569 4713 589 4749 s.
612 4695 648 4747 xl
667 4695 712 4748 101.
732 4695 799 4748 actv
819 4695 889 4760 (eius
914 4692 1094 4763 apographon
1116 4691 1176 4745 Vct.
1196 4691 1248 4745 855
1268 4709 1288 4743 s.
1308 4691 1460 4744 xv-xvl
1481 4691 1528 4744 101.
1546 4692 1622 4753 3111)
1639 4691 1644 4756 Ι
1661 4690 1722 4743 Par.
1743 4691 1812 4744 1356
1833 4709 1852 4744 s.
1873 4691 1936 4744 xlv
1957 4693 2004 4745 101.
2023 4693 2054 4744 ir*

366 4785 392 4850 e)
415 4783 498 4837 Laur.
520 4783 555 4834 IV
576 4785 609 4836 10
628 4801 648 4836 s.
666 4783 718 4836 ΧΠ
737 4782 784 4836 101.
804 4783 872 4836 399*
890 4783 958 4846 (eius
978 4782 1158 4850 apographon
1179 4781 1292 4834 Barber.
1311 4781 1352 4833 111
1372 4781 1404 4834 81
1426 4799 1445 4833 s.
1465 4779 1656 4846 1171101111)

366 4871 391 4940 r)
415 4870 509 4924 ouon.
530 4871 583 4924 rra
601 4889 621 4924 s.
643 4871 706 4924 xiv
727 4869 772 4923 m.
788 4871 848 4934 reu

366 4963 392 5026 g)
412 4959 533 5011 nondum
554 4959 648 5012 collati
670 4958 732 5011 vat.
753 4957 810 5010 Pal.
832 4960 864 5011 13
886 4977 906 5011 s.
921 4957 972 5010 xil
992 4957 1038 5010 fol.
1059 4957 1110 5009 346
1127 4956 1132 5022 Ι
1148 4955 1224 5008 Leid.
1239 4955 1316 5008 Voss.
1335 4955 1432 5020 (Catal.
1446 4972 1472 5022 p.
1486 4955 1547 5021 itt-2,
1564 4957 1605 5018 181

367 5045 394 5112 1ιΙ
414 5047 448 5099 de
468 5046 527 5100 cod.
549 5045 690 5099 Hermolai
712 5045 830 5098 Barbari
851 5045 885 5099 of.
910 5045 1097 5098 Centralblatt
1116 5045 1135 5097 1.
1154 5043 1399 5096 Bibliothelrswiss.
1422 5045 1444 5108 l,
1463 5043 1514 5095 387

213 5133 239 5186 E
253 5153 286 5177 =
299 5133 467 5199 Μοσχίωνος
486 5139 595 5199 γνῶμαι
615 5135 655 5197 (C.
676 5131 737 5186 Par.
757 5135 828 5202 prol.
848 5133 999 5198 300-2324)
1019 5133 1045 5184 in
1067 5133 1126 5185 cod.
1146 5130 1232 5183 Paris.
1254 5131 1323 5184 1168
1342 5149 1362 5182 s.
1382 5129 1447 5182 x111
1468 5129 1515 5182 101.
1538 5131 1587 5184 102
1607 5138 1635 5185 et
1655 5131 1796 5196 hlautimo)
