5046 6802
1113 459 1159 522 IL

158 655 347 712 documento
377 654 416 711 sit
445 671 535 729 quam
568 670 630 710 non
659 652 720 711 fieri
748 651 845 726 possit
866 669 906 708 ne
929 652 1030 708 dicam
1053 652 1108 708 de·
1159 650 1230 706 time
1254 665 1350 723 nuper
1372 646 1435 721 egit
1451 643 1482 722 J.
1499 643 1639 702 Driiseke
1663 641 1856 702 Patristische
1880 639 2114 698 Untersuchun·

160 765 240 831 ceat,
270 767 304 814 ut
325 753 591 829 gnomologiorum
613 751 802 810 Graecorum
830 751 984 810 historiam
1007 768 1106 825 aeque
1157 766 1218 824 gen
1242 749 1321 808 1889
1345 765 1375 822 p.
1394 749 1461 806 117.

157 857 365 915 describamus
380 855 531 929 florilegiis
544 854 637 912 sacris
654 863 686 910 ut
700 853 804 911 volunt
820 852 968 928 neglectis
985 861 1016 908 et
1032 861 1107 910 tam·
1200 858 1296 906 restat
1318 859 1352 906 ut
1382 848 1423 906 de
1444 847 1557 904 Latina
1580 846 1718 904 versione
1747 843 1966 903 sententiarum
1991 843 2113 919 Euagrii

157 977 250 1034 quam
272 959 412 1018 exsectis.
1158 949 1327 1016 rideamus,
1364 949 1450 1008 cuius
1478 948 1653 1006 etiamnunc
1680 945 1849 1023 specimina
1876 961 2039 1020 superesse
2065 945 2114 1001 di·

200 1060 242 1118 ad
272 1059 437 1132 Euagrinm
469 1066 501 1113 ut
527 1057 698 1122 redeamus,
732 1064 857 1130 propter
883 1053 1048 1112 Maximum
1076 1062 1107 1110 et
1159 1060 1276 1112 cuntur.
1309 1051 1421 1108 etenim
1440 1050 1610 1108 Gallandus
1633 1068 1701 1108 cum
1724 1047 1848 1123 Euagrii
1870 1047 1971 1106 libello
1987 1046 2027 1104 de
2043 1055 2113 1104 octo

158 1161 211 1235 qui
239 1161 279 1216 ab
307 1177 346 1216 eo
368 1159 507 1234 pendent
528 1155 733 1216 Parisiensem
762 1155 974 1213 collectionem
998 1165 1107 1230 quarto
1160 1152 1273 1210 vitiosis
1297 1152 1534 1229 cogitationibus
1557 1151 1737 1227 appendicis
1761 1139 1856 1208 instar
1875 1147 2022 1206 nonnulla
2045 1149 2110 1206 edi·

160 1261 231 1318 loco
254 1259 451 1317 adiciendam
473 1275 541 1316 esse
562 1257 645 1332 duxi,
666 1273 850 1331 quamquam
872 1257 938 1332 ipsa
960 1254 1109 1314 eDama·
1159 1254 1203 1312 dit
1233 1248 1331 1328 ‘quae
1359 1254 1389 1310 itt
1418 1271 1474 1310 suo
1501 1251 1666 1328 exemplari
1695 1251 1820 1326 legebat
1843 1262 1928 1309 vetus
1951 1250 2110 1325 interpres,

158 1379 253 1419 sceno
277 1361 370 1419 [luxit.
407 1361 492 1436 quod
515 1369 617 1416 autem
642 1368 673 1414 et
696 1357 847 1416 Maximus
871 1375 888 1412 e
911 1356 1108 1415 Damascene
1160 1356 1225 1414 sive
1243 1353 1379 1420 Rufinus,
1402 1355 1466 1410 sive
1483 1353 1675 1428 Gennadius,
1698 1372 1735 1410 ex
1758 1353 1823 1412 aliis
1847 1351 2110 1425 fortasseEuagrii

158 1461 254 1520 habet
272 1479 353 1537 quae
368 1479 449 1518 nunc
464 1461 493 1518 in
511 1458 672 1517 Parisiensi
694 1457 811 1534 sylloge
834 1459 948 1515 desunt
969 1455 1030 1529 (ri.
1046 1451 1107 1534 71),
1159 1456 1421 1514 lucubrationibus
1432 1455 1571 1512 asceticis
1583 1449 1740 1530 excerpte’
1752 1455 1815 1531 (ap.
1829 1453 1992 1529 utigneio,
2007 1447 2109 1532 tait).

160 1572 191 1620 et
207 1562 387 1620 Parisiensis
410 1579 490 1637 quae
511 1561 541 1618 in
559 1559 755 1618 Damasceno
779 1576 859 1616 nunc
881 1575 944 1616 non
967 1559 1109 1634 leguntur
1158 1558 1242 1615 unde
1262 1565 1382 1632 sumpta
1398 1556 1458 1615 sint
1477 1575 1540 1613 non
1556 1557 1698 1631 comperi,
1721 1556 1777 1612 sed
1793 1573 1874 1632 quae
1890 1565 2013 1613 exstant
2028 1555 2110 1614 haud

159 1661 237 1734 [Par.
251 1665 278 1724 3.
294 1657 336 1738 4),
356 1672 407 1719 aut
427 1662 457 1718 in
477 1661 536 1718 hoc
552 1671 623 1718 sunt
641 1677 723 1733 quae
740 1671 801 1717 tres
817 1659 939 1734 Euagrii
954 1661 1107 1717 collectio·

159 1783 215 1822 nes
231 1764 395 1836 excedunt,
418 1763 464 1819 his
480 1762 571 1819 rebus
593 1779 656 1819 nou
673 1761 908 1834 immorabimur,
932 1778 1002 1816 nam
1019 1761 1059 1818 de
1074 1761 1108 1818 iis

159 1874 242 1922 recte
262 1864 388 1921 iudicari
406 1863 513 1938 nequit
528 1873 696 1936 antequam
709 1855 902 1919 ‘Sacrorum'
919 1861 998 1920 iusta
1013 1862 1108 1918 editio

160 1977 268 2040 parata
292 1975 322 2024 et
346 1973 495 2022 structura
513 1963 679 2039 perquisita
698 1963 763 2022 erit.
798 1963 915 2020 interim
933 1973 1034 2020 cetera
1048 1962 1108 2020 Da·

159 2065 297 2122 masceni
328 2078 381 2121 aut
408 2064 533 2122 aliorum
564 2063 739 2138 Euagriana
772 2063 946 2120 adscribere
973 2063 1108 2120 dubitavi

1160 1658 1336 1732 spernenda
1354 1657 1503 1717 videntur.
1528 1656 1568 1712 ibi
1584 1657 1663 1714 enim
1679 1669 1749 1733 post
1765 1657 1825 1714 alia
1841 1657 1994 1732 leguntur:
2009 1652 2110 1734 ‘quod

1160 1769 1262 1816 autem
1284 1759 1392 1834 quavis
1415 1759 1506 1816 etiam
1528 1767 1624 1815 morte
1654 1758 1791 1816 acerbius
1814 1759 2050 1816 existimandum
2072 1759 2111 1816 sit

1160 1860 1302 1916 oratione
1325 1860 1443 1934 privari,
1469 1859 1625 1933 praeclare
1648 1877 1704 1917 nos
1721 1860 1814 1916 docet
1830 1859 1979 1934 propheta
1990 1859 2110 1926 Daniel,

1160 1960 1273 2035 quippe
1296 1959 1347 2034 qui
1370 1960 1451 2034 prius
1475 1959 1596 2017 duxerit
1617 1961 1701 2026 mori,
1738 1978 1830 2036 quam
1858 1960 1903 2019 vel
1925 1960 2020 2018 horae
2044 1977 2110 2018 mo·

1161 2069 1267 2118 mento
1291 2063 1467 2134 precatione
1491 2063 1600 2122 orbari.
1635 2063 1686 2120 dei
1704 2063 1836 2120 crebrius
1851 2063 2005 2120 recorded
2021 2079 2111 2137 quam

160 2185 230 2224 cum
247 2184 285 2222 ex
301 2166 408 2240 quibus
424 2166 565 2240 operibus
581 2175 702 2240 sumpta
723 2165 781 2222 siut
797 2181 859 2222 nou
876 2165 990 2241 liqueat
1007 2183 1108 2240 neque
1160 2163 1296 2237 spiritum
1325 2165 1438 2222 ducere
1467 2155 1613 2239 oportet'.
1658 2164 1883 2223 Gildemeisteri
1911 2166 2008 2222 aciem
2032 2164 2110 2221 haec

162 2265 372 2343 Pythagoricis
389 2266 495 2324 similia
510 2268 538 2322 in
555 2267 590 2322 iis
612 2267 712 2323 inesse
734 2267 908 2333 videantur;
934 2267 1026 2324 immo
1049 2267 1109 2322 iarn
1159 2262 1284 2337 Euagrii
1307 2263 1478 2338 fragmenta
1499 2283 1561 2322 non
1584 2266 1727 2339 fugerant
1749 2259 1789 2343 (v.
1807 2265 1890 2326 Sext.
1906 2284 1934 2340 p.
1951 2259 2111 2341 XXXIX),

160 2368 191 2424 in
212 2361 335 2426 ‘Sacra'
351 2366 537 2422 Damasceni
557 2385 593 2424 ex
617 2365 831 2423 vetustioribus
847 2384 927 2441 quae
951 2364 1034 2422 suere
1058 2367 1109 2422 ilo·
1159 2381 1263 2420 verum
1286 2365 1316 2422 in
1341 2364 1407 2438 ipso
1429 2364 1522 2422 Sexto
1545 2383 1651 2424 eorum
1672 2384 1734 2424 non
1756 2367 1943 2426 meminerat
1973 2383 2045 2424 narn
2068 2365 2112 2422 ul-

163 2469 274 2544 rilegiis
311 2485 427 2525 errores
471 2468 634 2546 irrepsisse,
673 2467 781 2523 iterum
812 2465 937 2541 Etragrii
969 2467 1108 2541 exemplo

162 2587 254 2644 quam
278 2569 439 2626 certissime
461 2569 697 2626 demonstratur.
728 2586 799 2624 nam
817 2586 839 2626 s.
855 2569 893 2625 76
904 2563 1012 2628 Ἀνθεῖ
1025 2564 1110 2642 πρὸς

161 2667 342 2744 ἐπιστήμην
369 2665 456 2742 ψυχὴ
488 2670 552 2728 κτλ.
580 2686 671 2744 quam
701 2669 886 2727 Damasceni
916 2665 935 2729 Γ
958 2675 974 2726 4
1003 2687 1031 2744 p.
1048 2671 1109 2729 404

161 2773 289 2830 codices
305 2770 427 2844 Euagrii
442 2771 565 2828 nomine
581 2771 760 2842 inscribunt,
784 2790 802 2826 e
817 2769 1013 2828 Damascene
1030 2787 1110 2827 sum-

160 2873 224 2948 psit
239 2873 417 2948 compilator
429 2871 606 2929 Parisiensis
623 2869 681 2944 (Sl,
703 2872 778 2929 iude
794 2881 827 2929 ut
839 2871 1045 2944 Euagrianam
1060 2889 1113 2929 ac-

161 2973 246 3048 cepit
257 2983 288 3029 et
299 2974 478 3048 propagavit
490 2973 639 3030 Maximus
653 2971 736 3047 (cdl
752 2972 789 3030 ci.
800 2991 822 3031 s.
834 2973 921 3048 pte,
931 2972 973 3048 2),
988 2973 1112 3030 minime

160 3074 288 3149 Euagrii
306 3082 361 3150 est,
385 3074 442 3131 sed
455 3071 588 3130 Philonis
605 3074 644 3130 de
663 3090 761 3133 somn.
780 3075 796 3130 2
812 3091 842 3148 p.
859 3074 919 3131 622
933 3073 991 3140 M.;
1012 3090 1112 3147 neque

159 3177 193 3232 id
215 3194 299 3232 nunc
321 3175 439 3250 agimus
463 3185 496 3230 ut
517 3174 642 3247 Euagrii
665 3173 838 3248 fragmenta
862 3174 964 3232 omnia
987 3172 1111 3248 colliga·

160 3294 239 3344 mus,
256 3277 313 3333 sed
328 3285 362 3334 ut
374 3269 623 3334 ‘sententiarum’
640 3276 784 3350 reliquiae
801 3285 947 3350 quantum
958 3275 1041 3333 Sexti
1058 3285 1112 3334 aut

161 3376 434 3452 Pythagoricorum
454 3376 634 3452 discipliuae
656 3377 844 3434 servaverint
858 3385 891 3434 et
912 3376 999 3452 ipsae
1021 3376 1112 3434 colle·

160 3479 281 3535 ctioues
308 3495 399 3551 quem
426 3478 525 3536 locum
555 3478 585 3534 in
613 3477 877 3552 gnomologiorum
899 3477 1023 3534 historia
1047 3480 1113 3536 uni·

161 3595 252 3636 versa
273 3578 435 3638 habuerint
448 3589 677 3654 componamus.
707 3571 891 3652 ‘Euagrium
911 3588 1024 3648 autem,
1048 3597 1112 3636 mo-

1161 2465 1233 2522 tima
1261 2463 1354 2522 verba
1379 2465 1419 2522 nil
1448 2475 1519 2524 sunt
1548 2467 1605 2524 nisi
1627 2467 1709 2526 Sexti
1737 2487 1761 2528 s.
1785 2469 1845 2527 289
1868 2463 2110 2542 Συνεχὲστερον

1159 2561 1227 2624 νόει
1250 2562 1308 2626 τὸν
1330 2561 1408 2626 θεὸν
1432 2563 1451 2640 ἢ
1474 2561 1607 2628 ἀνάπτει
1631 2587 1708 2644 quae
1725 2587 1831 2627 omnes
1847 2571 1973 2628 codices
1990 2580 2023 2626 et
2044 2571 2109 2627 edi·

1162 2675 1244 2724 tores
1268 2665 1411 2724 Rufinum
1442 2668 1597 2726 iaciebant
1623 2679 1791 2728 vertentem
1813 2666 1884 2728 ‘ore
1910 2673 1992 2747 prius
2016 2672 2110 2730 deum

1161 2767 1274 2825 habeto
1292 2767 1322 2824 in
1343 2779 1446 2826 mente
1461 2787 1553 2844 quam
1576 2761 1729 2847 respiras',
1753 2773 1865 2830 scilicet
1878 2773 2108 2831 rescribendum

1163 2879 1229 2926 erat
1250 2863 1423 2930 ‘crebrius'.
1461 2873 1545 2947 quod
1573 2883 1673 2929 autem
1702 2883 1733 2930 et
1755 2873 1787 2930 in
1809 2873 1892 2932 Sexti
1919 2884 1951 2932 et
1974 2875 2004 2930 in
2025 2873 2109 2932 Eua·

1162 2971 1217 3044 grii
1239 2970 1379 3028 versione
1399 2973 1532 3029 eandem
1547 2991 1652 3030 vocem
1675 2973 1812 3031 adhiberi
1828 2973 1976 3046 videmus,
1997 2976 2110 3051 siquid

1162 3071 1208 3128 his
1232 3073 1321 3128 rebus
1343 3073 1472 3130 tribuere
1502 3073 1571 3130 licet
1597 3090 1666 3131 cum
1693 3083 1777 3132 certa
1798 3085 1978 3149 argumenta
1998 3077 2109 3148 desint,

1162 3172 1275 3230 indicio
1307 3191 1374 3230 esse
1410 3173 1528 3231 videtur
1558 3163 1709 3232 ‘veterem
1744 3165 1955 3250 interpretem’
1987 3177 2110 3252 Euagrii

1163 3275 1297 3331 eundem
1319 3291 1388 3332 esse
1410 3293 1479 3332 cum
1501 3275 1585 3333 Sexti
1607 3277 1770 3354 interprete
1792 3278 1912 3339 Rufino,

1205 3375 1264 3432 iam
1287 3393 1359 3434 vero
1381 3377 1440 3433 alia
1455 3379 1608 3436 sententia
1623 3379 1811 3454 interposita,
1833 3391 1988 3456 tamquam
2002 3381 2108 3458 Pytha·

1163 3477 1334 3550 goricorum
1356 3479 1535 3536 recordatus
1566 3483 1601 3538 11
1632 3480 1780 3557 deinceps
1810 3483 1975 3539 sententias
1998 3482 2111 3558 profert

1163 3595 1243 3652 quae
1271 3577 1314 3634 ad
1341 3597 1433 3636 unam
1460 3597 1568 3637 omnes
1591 3581 1670 3638 inter
1692 3581 1892 3657 Pythagorica
1915 3593 1945 3639 et
1967 3582 2109 3641 Sextiana

160 3679 305 3752 nachum,
327 3688 446 3738 constat
468 3682 602 3758 quidem,
632 3681 726 3738 multa
748 3679 916 3755 scripsisse,
945 3697 1112 3754 eorumque
1163 3690 1329 3752 recurrunt,
1353 3698 1454 3755 neque
1476 3683 1572 3739 solum
1585 3681 1805 3758 Pythagoricae
1827 3693 1898 3742 sunt
1917 3685 1975 3742 sed
1996 3685 2109 3743 eodem

161 3780 319 3856 quaedam
341 3789 405 3838 tum
427 3780 596 3855 fragmenta
616 3791 646 3840 et
669 3782 829 3839 citationes
851 3780 1000 3838 hahemus
1016 3781 1046 3838 in
1062 3799 1112 3839 co·
1163 3780 1270 3838 ordine
1288 3809 1321 3820 -
1342 3781 1374 3838 id
1390 3798 1513 3858 quoque
1535 3784 1595 3839 iam
1607 3783 1824 3842 Gildemeister
1840 3786 2054 3843 animadvertit
2073 3817 2106 3826 -

160 3882 233 3938 dice
255 3881 436 3956 regularum,
459 3882 490 3938 in
507 3881 630 3940 Patrum
651 3883 718 3941 vitis
746 3895 776 3940 et
799 3881 1112 3958 apophthegnratibus
1162 3882 1304 3956 leguntur
1324 3883 1410 3940 initio
1433 3883 1570 3958 florilegii
1585 3883 1780 3943 Monacensis
1802 3903 1881 3962 quae
1903 3895 1952 3945 est
1974 3889 2107 3964 epitome

161 3984 194 4039 in
217 3983 342 4050 catenis,
363 3983 394 4039 in
416 3983 496 4041 libris
512 3995 736 4061 excerptorum,
759 3985 789 4042 in
813 3984 957 4042 thesauro
980 3984 1112 4042 ascetico
1162 3985 1351 4059 gnomologii
1381 3985 1457 4042 illius
1486 3987 1572 4060 quod
1600 3983 1736 4061 ἐκλογὴν
1763 3983 1885 4047 ἐκτῶν
1907 3984 2110 4063 Δημοκρίτου

163 4083 250 4142 etin
273 4082 395 4142 scholiis
418 4084 647 4154 adClimacurn,
670 4103 729 4144 nec
750 4102 812 4142 non
834 4086 920 4159 apud
931 4084 1111 4163 Palladium,
1163 4080 1215 4144 καὶ
1232 4079 1446 4160 Ἐγχειριδίου
1473 4087 1533 4146 τοῦ
1558 4073 1746 4163 Ἐπικτήτου
1775 4084 1827 4148 καὶ
1853 4091 1913 4163 τῆς
1934 4085 2017 4165 πρὸς
2040 4087 2109 4165 Δη·

163 4185 335 4254 Socratem,
356 4183 532 4254 Climacum,
556 4185 756 4261 Dorotheum,
779 4186 947 4245 Maximum
968 4195 999 4242 et
1021 4186 1111 4244 Nice·
1163 4181 1294 4258 μόνικον
1316 4183 1493 4263 ἐπιστολῆς
1514 4187 1574 4248 τοῦ
1585 4173 1788 4266 Ἰσοκράτους
1811 4186 1863 4250 καὶ
1885 4186 2005 4265 ἑτέρων
2020 4191 2108 4267 φιλο-

163 4285 305 4360 phorum,
328 4286 462 4362 itemque
485 4287 516 4344 in
538 4287 734 4346 Damasceno
758 4287 835 4345 Billii
858 4297 888 4344 et
910 4287 1047 4344 Palladio
1063 4287 1113 4344 Bi·
1162 4282 1280 4360 σόφων
1293 4305 1326 4344 se
1339 4305 1407 4344 esse
1419 4290 1577 4363 praedicat
1589 4289 1832 4358 (v.Wachsmuth
1846 4291 1976 4349 Studien
1986 4309 2015 4367 p.
2026 4291 2106 4368 166),

163 4387 308 4460 gotian03
331 4388 387 4444 sed
410 4387 618 4446 difficultatem
634 4389 715 4464 parit
729 4405 793 4446 nou
807 4390 1004 4454 mediocrem,
1027 4389 1112 4462 quod
1162 4397 1195 4443 ut
1217 4388 1277 4444 sint
1294 4388 1427 4463 epitome
1447 4390 1555 4464 capitis
1570 4392 1657 4466 primi
1679 4393 1763 4466 quod
1787 4401 1835 4450 est
1855 4388 1928 4466 περὶ
1947 4392 2034 4469 θεοῦ,
2058 4409 2109 4450 ea·

164 4485 233 4544 fuse
255 4488 419 4562 probatum
441 4498 490 4548 est
510 4509 528 4546 a
550 4490 659 4565 doctis,
688 4500 720 4548 et
741 4507 835 4565 saepe
858 4492 997 4565 adparet,
1019 4491 1111 4546 etiam
1162 4505 1290 4562 rumque
1311 4490 1532 4547 seutentiamm
1548 4493 1702 4566 excerptio
1718 4509 1793 4567 quas
1807 4491 2024 4568 Pythagoricas
2038 4513 2107 4553 esse

164 4586 196 4644 in
223 4588 408 4662 marginibus
438 4590 560 4657 nostris,
592 4607 704 4665 nempe
730 4591 841 4648 eadem
864 4607 932 4647 cum
956 4590 1036 4646 libris
1057 4591 1112 4648 im·
1163 4589 1287 4647 aliunde
1310 4591 1458 4650 novimus.
1500 4591 1578 4649 haec
1605 4594 1629 4650 si
1651 4593 1691 4650 ita
1715 4593 1797 4651 utin
1822 4596 1961 4653 versione
1983 4599 2108 4672 antiqua

164 4689 290 4763 pressis,
323 4692 439 4749 tamin
462 4692 694 4766 exemplaribus,
729 4709 820 4750 manu
843 4691 984 4764 exaratis,
1018 4693 1112 4749 modo
1163 4692 1302 4766 leguntur
1317 4692 1376 4750 iam
1391 4691 1497 4750 habuit
1508 4693 1667 4769 Euagrius,
1690 4696 1832 4770 quaestio
1852 4697 2027 4770 gravissima
2049 4699 2107 4755 ori-

164 4787 310 4863 Euagrio,
343 4791 438 4848 modo
464 4791 533 4850 Nilo
562 4788 732 4868 adsignari’
764 4791 909 4861 (Coteler.
931 4811 1012 4850 mon.
1038 4793 1111 4852 eccl.
1164 4800 1219 4850 tur.
1253 4809 1323 4850 nam
1339 4802 1391 4850 aut
1403 4792 1601 4871 Pythagorica
1617 4798 1719 4853 omnia
1735 4797 1811 4856 illius
1825 4799 2014 4874 gnomologii
2028 4817 2107 4874 quae

166 4889 221 4950 Gr.
235 4892 264 4958 3,
276 4887 362 4966 544).
391 4901 526 4950 ceterum
542 4895 583 4952 de
599 4896 658 4951 vita
675 4894 755 4952 libris
768 4895 906 4952 doctrina
921 4895 1044 4970 Euagrii
1061 4891 1113 4966 (ad
1165 4911 1184 4949 a
1206 4895 1316 4950 ceteris
1340 4894 1426 4952 iacile
1448 4906 1646 4954 secernuntur
1667 4907 1737 4954 sunt
1749 4898 1872 4973 Euagrii
1887 4909 1919 4956 et
1933 4901 2042 4957 ceteris
2062 4917 2108 4956 re·

165 5007 258 5066 quem
283 4993 410 5068 scriptus
432 5003 479 5052 est
495 4993 634 5066 Gregorii
649 4993 834 5052 Nazianzeni
856 4995 930 5052 liber
950 4992 1022 5069 περὶ
1041 4992 1114 5055 θεό·
1165 4995 1255 5051 sectis
1277 4995 1427 5069 genuinas
1455 4997 1520 5054 illas
1549 4997 1672 5073 Euagrii
1693 4985 1890 5057 ‘sententias'
1915 5009 2107 5076 recuperatas

164 5087 277 5166 τητος)
293 5102 364 5166 post
384 5103 502 5152 veteres
516 5091 569 5165 (cl,
585 5112 612 5152 e.
627 5114 655 5170 g.
672 5093 838 5152 Tillemont
852 5094 940 5152 me'm.
959 5096 1026 5154 hist.
1041 5097 1114 5158 eccl.
1165 5095 1354 5162 habebimus,
1380 5106 1434 5158 attt
1455 5097 1630 5172 florilegium
1643 5099 1832 5158 Monaceuse
1854 5101 1873 5159 i.
1887 5119 1917 5160 e.
1938 5101 2014 5160 illius
2030 5117 2107 5176 gno·

166 5195 218 5269 10,
241 5194 302 5252 385
331 5194 485 5252 Fabricius
508 5194 585 5254 Bibl.
609 5195 661 5254 Gr.
683 5199 712 5263 tl,
737 5198 796 5254 284
826 5195 930 5269 Migne
952 5197 983 5252 in
1006 5195 1115 5254 Rufino
1166 5197 1289 5271 mologii
1312 5199 1445 5273 epitome
1467 5199 1599 5273 Euagrio
1628 5209 1675 5256 est
1700 5201 1859 5276 antiquior.
1904 5201 1977 5260 illud
2004 5211 2107 5258 tamen

167 5295 326 5370 Patrolog.
349 5295 417 5354 Lat.
448 5297 496 5372 21,
524 5298 594 5357 200.
620 5297 680 5356 448
720 5305 751 5354 et
786 5296 919 5370 Euagrio
950 5296 1031 5356 Patr.
1061 5297 1113 5357 Gr.
1166 5302 1327 5376 quominus
1350 5309 1527 5376 statuamus,
1550 5301 1712 5376 prohibent
1732 5301 1826 5376 ipsius
1838 5301 1959 5378 Euagrii
1981 5301 2021 5358 de
2043 5303 2107 5377 qui·

165 5397 324 5467 40,1213
361 5395 547 5454 Assemanus
571 5395 712 5456 Biblioth.
735 5395 851 5454 Orient.
877 5399 905 5471 3,
934 5400 957 5475 i,
980 5393 1034 5469 45)
1059 5417 1111 5474 ορ·
1165 5401 1220 5457 bus
1243 5402 1359 5475 egimus
1383 5401 1586 5478 collectiones,
1609 5403 1717 5476 quibus
1738 5419 1805 5460 curn
1817 5401 1982 5460 Democriti
2004 5412 2035 5460 et
2056 5421 2109 5462 so·
