5046 6802
1351 618 1391 680 20

389 807 427 862 tt
447 799 485 862 Ἐἰ
510 800 618 878 βούλει
641 815 694 863 σοι
717 802 775 877 τήν
798 801 927 865 οἰκίαν
950 801 991 864 εὐ
1014 799 1227 877 οἰκεῖσθαι,
1251 805 1346 877 μιμοῦ
1385 847 1388 856 ,
1453 823 1512 880 ρος
1531 801 1671 878 γοητεία,

450 909 507 971 τὸν
541 911 743 986 Σπαρτιάτην
782 909 1019 987 Λυκούργου·
1061 909 1099 971 ὃν
1129 909 1191 987 γὰρ
1222 910 1345 987 τρόπον
1451 913 1489 975 τὸ
1520 914 1555 974 δέ
1579 911 1748 989 σύμφυτος
1773 911 1823 973 καί
1846 910 2075 989 ἀνεξάλειπτος
2099 911 2150 973 καὶ
2176 910 2279 988 ἀίδιος
2306 907 2354 972 οἰ·

451 1015 548 1096 οὗτος
571 1017 610 1080 ού
633 1018 750 1094 τείχεσι
773 1019 831 1093 τὴν
853 1018 948 1082 πόλιν
969 1018 1118 1096 ἔφραξεν,

451 1126 521 1190 ἀλλ’
545 1125 642 1208 ἀρετῇ
665 1128 742 1204 τοὺς
763 1127 969 1205 ἐνοικοῦντας
992 1127 1149 1206 ὠχύρωσε

450 1236 500 1297 καί
522 1236 574 1297 διὰ
596 1236 718 1314 παντὸς
743 1236 900 1312 ἐτήρησεν
924 1237 1098 1312 ἐλευθέραν
1121 1237 1179 1310 τὴν
1203 1236 1306 1308 πόλιν,

449 1345 535 1406 ούτω
564 1345 615 1406 καί
643 1345 685 1406 σύ
713 1345 752 1420 μὴ
788 1344 929 1420 μεγάλην
965 1345 1065 1420 αὐλὴν
1096 1345 1266 1423 περίβαλλε
1295 1345 1346 1406 καὶ

450 1453 593 1530 πύργους
617 1453 763 1530 ὑψηλοὺς
786 1451 911 1520 ἀνίστα.

1453 1022 1524 1099 κίας
1547 1021 1680 1098 κόσμος.
1720 1089 1724 1098 ,

1392 1179 1429 1234 te
1452 1161 1540 1235 Ἀντί
1564 1175 1650 1249 βοῶν
1674 1171 1792 1249 ἀγέλης
1815 1175 1913 1248 πειρῶ

1453 1282 1577 1360 φίλων
1601 1280 1720 1356 ἀγέλας
1744 1279 1995 1355 ἐναγελάζεσθαί
2019 1295 2081 1342 σου
2105 1285 2143 1360 τῇ
2168 1279 2288 1362 οἰκίᾳ.

1393 1437 1429 1494 rt
1453 1430 1578 1508 Ὥσπερ
1603 1431 1699 1509 λύκος
1726 1429 1840 1508 ὅμοιον
1864 1431 1941 1510 κυνί,
1975 1431 2061 1494 ούτω
2090 1431 2141 1494 καί
2172 1431 2270 1494 κόλαξ
2299 1431 2357 1492 καὶ

450 1560 532 1624 ἀλλὰ
554 1563 631 1638 τοὺς
647 1563 855 1640 ἐνοικοῦντας
872 1564 981 1644 εὐνοίᾳ
998 1563 1048 1625 καί
1063 1563 1168 1626 πίστει
1184 1564 1235 1626 καί
1257 1561 1347 1644 φιλίᾳ
1454 1541 1567 1618 μθίίίὸς
1584 1542 1635 1602 Καὶ
1651 1539 1830 1617 Παθὰσῑῖθς
1854 1541 1966 1616 ὅμοιον
1989 1541 2100 1620 qiltp·
2124 1540 2264 1617 πρόθελε
2288 1560 2353 1602 Τθί·

451 1671 588 1749 στήριζε,
620 1723 622 1728 .

451 1782 501 1842 καί
532 1780 629 1842 ούδέν
653 1779 699 1858 είς
729 1781 829 1856 αὐτὴν
852 1779 1070 1844 εἰσελεύσεται
1095 1782 1261 1860 βλαβερόν.
1293 1781 1346 1844 ού-

450 1889 476 1952 δ’
495 1890 534 1952 ἂν
549 1891 587 1952 τὸ
603 1889 733 1964 σύμπαν
753 1895 810 1965 τῆς
834 1889 946 1966 κακίας
969 1889 1188 1967 παρατάξηταί
1211 1893 1343 1967 στῖφος.

389 2032 426 2086 ῖέι
451 2023 503 2098 Μὴ
540 2023 644 2086 πίναξι
679 2023 729 2084 καὶ
758 2025 900 2100 γραφαῖς
928 2025 986 2099 τήν
1014 2023 1151 2086 οἰκίαν
1174 2039 1236 2086 σου
1262 2023 1345 2100 περί-

452 2135 558 2211 βαλλε,
581 2131 662 2194 ἀλλὰ
687 2131 887 2214 σωφροσύνῃ
912 2131 1114 2209 κατάγραφε·

451 2243 488 2303 τό
513 2243 569 2316 μέν
593 2241 653 2316 γὰρ
672 2240 804 2303 ἀλλοῖον
828 2244 892 2303 τῶν
916 2239 1094 2319 ὀφθαλμῶν
1119 2242 1206 2304 ἐστιν
1230 2241 1347 2303 ἐπίκαι-

391 2443 446 2510 psit
460 2443 471 2506 ll
484 2443 595 2494 δούλων
614 2441 694 2504 ἐκτός
710 2442 845 2507 ὑπάρχειν
859 2447 974 2510 propter
989 2443 1180 2495 antecedentia
1197 2471 1220 2479 -
1236 2443 1339 2494 ἀπολύ-

391 2535 454 2595 θητι
475 2528 604 2591 δουλείας
631 2529 647 2581 i.
668 2547 689 2580 c.
710 2529 856 2593 ἐπιθυμίας
875 2558 903 2568 -
921 2533 987 2583 οὔτε
1012 2533 1066 2599 γάρ
1093 2531 1291 2596 δουλευόμενοι
1311 2561 1337 2568 -

392 2618 451 2670 ἀλλ’
470 2617 513 2670 ότι
532 2617 682 2680 πενόμενοι
700 2620 753 2682 τὴν
765 2615 884 2670 Ἐλλάδα
903 2617 1030 2681 δουλείας
1043 2619 1175 2672 ἀπέλυονΙ
1186 2635 1240 2670 ιιιιο
1255 2619 1339 2669 verbo

391 2706 491 2757 ductus
516 2710 572 2758 tam
598 2704 708 2758 diversa
733 2705 920 2772 cornmiscuit3
954 2715 1070 2774 propter
1094 2708 1251 2773 ἀπολύθητι
1276 2708 1340 2759 δου-

391 2796 466 2858 λείας
486 2793 617 2847 Aristidis
637 2793 848 2864 Epaminondae
866 2794 989 2864 Lycurgi
1009 2797 1035 2847 in
1055 2803 1176 2848 mentem
1195 2794 1272 2847 venit
1292 2793 1340 2862 qni

390 2881 452 2946 “τὴν
465 2881 582 2936 Ἐλλάδα
602 2883 729 2949 δουλείας
747 2881 892 2950 ἀπέλυον,
907 2891 1000 2937 cetera
1017 2891 1078 2937 utut
1094 2886 1186 2952 potnit
1199 2883 1263 2935 huic
1278 2883 1340 2935 loco

392 2975 509 3040 aptavit,
530 2972 733 3041 ineptissimum
755 2973 823 3024 illud
843 2975 1051 3038 δουλευόμενοι,
1077 2991 1162 3042 quare
1183 2977 1340 3026 πλουτούν-

390 3077 437 3123 τες
456 3069 483 3112 et
503 3063 651 3124 πενόμενοι
665 3060 781 3126 addidit,
801 3061 896 3115 sedne
913 3063 953 3114 ita
967 3061 1077 3128 quidam
1093 3063 1186 3114 omnia
1200 3061 1341 3129 quadrant

391 3167 414 3200 e.
434 3165 461 3218 g.
488 3148 514 3199 in
535 3149 703 3216 Lycurgum.
741 3149 815 3216 quod
837 3149 1047 3218 Epaminondas
1071 3149 1174 3202 dicitnr
1195 3150 1339 3202 Graeciam

391 3236 553 3290 liberavisse
572 3237 606 3290 cf.
626 3237 695 3305 Nep.
716 3237 764 3304 Ep.
777 3239 802 3302 tl,
814 3239 838 3305 4,
856 3237 930 3290 Plut.
944 3239 1077 3306 apoplith.
1099 3255 1124 3306 p.
1141 3238 1223 3290 194ss
1245 3243 1273 3290 et
1289 3242 1340 3290 Ae·

392 3325 456 3377 lian.
477 3342 501 3375 ν.
519 3326 544 3376 λι.
562 3326 603 3384 13,
618 3325 660 3385 tr,
681 3326 769 3394 epigr.
790 3343 833 3394 ap.
848 3325 928 3378 Paua.
942 3328 967 3392 tl,
982 3329 1023 3391 ίῖι,
1038 3331 1067 3392 tt,
1088 3327 1122 3379 de
1143 3328 1199 3380 eius
1219 3343 1337 3396 pauper·

391 3417 449 3466 tate
469 3430 491 3464 υ.
503 3431 529 3481 g.
550 3411 623 3465 Plut.
644 3413 710 3466 Fal).
732 3413 803 3466 Max.
820 3413 863 3480 Ξῖ,
886 3412 979 3481 Pelop.
993 3415 1024 3477 .'·l;
1046 3415 1180 3467 Aristides
1193 3414 1335 3483 Lycurgus

391 3501 475 3553 Solon
495 3500 702 3568 Epaminondas
722 3501 851 3554 similiter
870 3502 1014 3556 coniuncti
1034 3521 1078 3570 ap.
1095 3503 1177 3555 Dion.
1194 3503 1289 3570 Chrys.
1305 3503 1340 3556 '22

391 3608 418 3658 p.
428 3591 491 3656 5103
509 3590 543 3642 dc
555 3589 681 3658 Lycurgo
692 3594 749 3658 θεῷ
763 3589 797 3642 ci.
810 3590 908 3643 Gelzer
919 3609 986 3642 nius.
999 3590 1075 3643 rhen.
1086 3591 1120 3643 ‘28
1131 3593 1224 3656 (1873)
1235 3593 1266 3644 31
1277 3609 1282 3653 ;
1299 3610 1340 3645 ce·

392 3685 481 3730 terum
503 3679 636 3742 δδέθεὸς
655 3680 670 3730 δ
686 3679 715 3730 δέ
728 3680 824 3744 σωτὴρ
846 3678 939 3730 codd:
961 3695 1029 3731 corr.
1044 3677 1081 3730 Α2
1094 3681 1104 3744 β
1119 3680 1151 3730 lt}
1171 3680 1248 3742 ὅστις
1267 3682 1340 3734 θέλει

392 3775 420 3820 et
436 3768 468 3819 il
483 3767 506 3820 εί
518 3767 607 3829 θέλεις
620 3767 673 3819 inc.
685 3766 731 3818 Tr.
745 3767 817 3819 malo
834 3769 870 3819 σί.
883 3767 915 3819 ld
930 3768 1068 3833 βούλοιτο,
1081 3767 1113 3819 cl.
1126 3768 1160 3819 :ll
1186 3765 1199 3836 ll
1226 3769 1259 3820 lt
1279 3775 1341 3821 tan·

391 3865 449 3906 tum
464 3854 584 3922 Lycurgi
595 3854 725 3922 Spartani
746 3856 871 3922 exemplo
892 3857 1042 3909 monitusa
1063 3857 1149 3909 serris
1169 3856 1203 3908 ad
1223 3855 1341 3908 alteram

391 3951 500 4011 partem
520 3943 760 3996 oeconomicorum
781 3945 883 3996 transit
902 3944 1014 4008 (contra
1035 3945 1136 3996 fastum
1158 3945 1185 3997 in
1206 3943 1340 3998 aediliciis

392 4030 542 4094 struendis)
569 4031 660 4084 serbis
684 4031 708 4084 εἰ
735 4033 826 4096 βούλει
851 4046 896 4084 σοι
915 4035 967 4096 τὴν
987 4033 1077 4086 οἰκίαν
1099 4035 1129 4086 εύ
1150 4033 1285 4086 οἰκεῖσθαι
1309 4041 1340 4085 ut

392 4120 462 4172 solet
476 4119 557 4170 initio
570 4119 674 4186 positis.
706 4125 821 4187 propter
841 4121 874 4172 ta
889 4121 1000 4174 interim
1016 4139 1077 4174 cum
1096 4121 1210 4174 civitate
1226 4122 1340 4174 dornum

392 4213 546 4274 comparat,
566 4215 594 4258 et
613 4207 647 4258 de
666 4208 748 4260 domo
763 4209 844 4276 plura
858 4211 1042 4276 persequitur,
1063 4209 1163 4263 deinde
1182 4210 1287 4262 ultimis
1306 4210 1339 4262 de

392 4295 474 4346 domo
494 4295 639 4347 sententiis
659 4296 693 4348 ad
713 4297 855 4348 civitatem
877 4297 1007 4350 reductus
1027 4298 1147 4366 primam
1174 4297 1215 4350 nis
1240 4297 1340 4350 similia

391 4383 532 4451 proponit,
558 4393 617 4436 tum
640 4386 743 4438 nostris
768 4385 801 4438 dc
827 4386 926 4452 quihus
947 4387 1055 4454 agimus
1080 4404 1195 4454 prorsus
1214 4387 1340 4454 aequalia

392 4471 501 4538 profert
514 4471 548 4522 att
559 4489 634 4540 sqq.;
647 4473 760 4526 Stobaei
773 4481 814 4526 est
825 4476 1001 4539 οἰκονομικός
1012 4474 1087 4527 Flor.
1099 4493 1121 4528 c.
1133 4475 1175 4536 aa,
1186 4477 1232 4528 sed
1245 4493 1339 4544 qnam-

392 4560 433 4612 ria
457 4578 477 4612 s.
498 4560 604 4614 tal-93
624 4567 653 4613 et
670 4563 753 4614 rebus
773 4569 800 4614 et
821 4563 912 4615 serbis
934 4564 1123 4630 cohaererent,
1143 4564 1250 4630 priores
1271 4563 1297 4616 in
1318 4581 1340 4616 c.

392 4650 455 4713 περί
469 4649 571 4714 ἀρετῆς
586 4649 716 4717 reliquit,
732 4659 828 4705 contra
842 4669 863 4704 s.
874 4655 908 4705 tlt}
919 4671 978 4721 sqq.
994 4653 1023 4706 in
1040 4671 1062 4706 c.
1079 4654 1122 4704 li).
1137 4654 1171 4704 lli
1187 4656 1251 4719 περί
1266 4657 1340 4706 πολι-

392 4737 467 4799 τείας
484 4736 593 4789 detulit.
606 4766 637 4774 -
657 4740 709 4789 iam
727 4740 759 4791 tt
774 4757 835 4792 cum
856 4741 1012 4808 exemplum
1027 4745 1117 4792 totum
1135 4741 1256 4809 pendeat
1270 4759 1283 4794 e
1298 4743 1339 4809 13,

392 4841 435 4875 res
457 4824 616 4892 longissime
637 4825 771 4890 discedat,
799 4834 830 4880 nt
857 4847 958 4881 irenam
984 4829 1078 4895 aliquo
1104 4829 1186 4881 modo
1207 4830 1341 4882 resarciat

394 4913 474 4964 addit
492 4915 537 4965 καί
557 4914 602 4966 διά
621 4916 728 4978 παντὸς
747 4917 886 4983 ἐτήρησεν
900 4917 944 4982 (cs.
956 4918 1002 4984 tlt)
1018 4919 1168 4984 ἐλευθέραν
1186 4919 1239 4982 τὴν
1258 4921 1340 4972 πόλιν

393 5001 490 5068 (supra
509 5001 581 5054 dixit
599 5004 653 5067 τήν
664 4999 782 5057 Ἐλλάδα
801 5005 929 5069 δουλείας
947 5005 1091 5066 ἀπέλυον),
1111 5007 1176 5059 hinc
1189 5007 1273 5058 etiam
1287 5009 1340 5071 τὴν

392 5089 473 5141 πόλιν
493 5089 575 5156 (quod
590 5107 643 5144 om.
657 5090 688 5157 ἰι)
709 5093 780 5144 male
800 5094 963 5162 repetitum3
983 5094 1173 5148 additamento
1191 5095 1341 5162 respondet

393 5177 503 5246 longior
529 5179 668 5232 conclusio
692 5181 704 5247 ΙΙ
728 5198 771 5234 res
795 5182 829 5235 de
849 5183 993 5250 Spartanis
1015 5184 1159 5236 notissima
1185 5183 1219 5235 ad
1246 5183 1340 5251 Agesi-

393 5266 467 5318 laum
493 5266 655 5334 plermnque
679 5268 799 5322 refertur
825 5271 857 5323 cl.
879 5271 952 5324 Plut.
971 5271 1106 5341 apophth.
1127 5271 1190 5324 Lac.
1210 5291 1237 5340 p.
1252 5271 1339 5324 210ss

393 5355 460 5414 (alia
475 5355 549 5421 apud
561 5353 705 5410 Schenkel.
719 5359 754 5411 ad
766 5359 785 5412 C
796 5361 831 5412 39
845 5378 871 5428 p.
883 5361 947 5426 tta)
967 5363 1000 5414 ού
1020 5361 1106 5424 λίθοις
1126 5362 1166 5413 δεῖ
1186 5362 1230 5414 καί
1249 5361 1340 5423 ξύλοις

392 5441 469 5501 thaec
489 5443 523 5496 ad
543 5444 577 5497 81
597 5445 718 5514 reponit)
742 5447 909 5513 τετειχίσθαι
933 5451 984 5514 τάς
1006 5451 1109 5515 πόλεις,
1137 5455 1199 5512 ταῖς
1224 5449 1254 5502 δέ
1279 5453 1339 5501 τῶν

391 5533 578 5585 ἐνοικούντων
600 5535 719 5600 ἀρεταῖς.
755 5543 849 5589 noster
873 5547 964 5590 autem
989 5541 1056 5602 τοὺς
1075 5540 1255 5604 ἐνοικοῦντας
1274 5540 1338 5593 reti·

1453 1653 1584 1728 γαρούν,
1608 1651 1647 1724 μὴ
1665 1648 1735 1711 ἀντὶ
1757 1652 1862 1711 κυνῶν
1885 1648 2040 1726 φυλάκων
2062 1635 2164 1730 λάθῃς
2181 1653 2353 1727 λυμεῶνας

1453 1759 1683 1836 εἰσδεχόμενος
1707 1759 1833 1835 λύκους.

1391 1915 1429 1973 ῖθ
1452 1891 1496 1972 Τό
1513 1912 1569 1984 μὲν
1584 1910 1679 1989 γύψιρ
1697 1911 1966 1972 λευκανθίῑουσαν
1989 1913 2184 1973 σπουδάζειν
2208 1911 2352 1987 θαυμά-

1454 2025 1599 2083 ῑεσθαι
1624 2020 1681 2094 τὴν
1704 2017 1838 2081 οἰκίαν
1861 2018 2086 2095 ἀπειροκάλου,

1451 2131 1488 2192 τὸ
1511 2130 1546 2191 δέ
1569 2127 1649 2205 ἦθος
1673 2129 1866 2205 χρηστότητι
1890 2128 2060 2205 κοινωνίας
2084 2129 2278 2205 λαμπρύνειν
2299 2149 2352 2208 φι-

1454 2240 1594 2300 λοκάλου
1617 2237 1680 2311 ἀμα
1704 2237 1809 2299 τεκαὶ
1833 2236 2120 2314 φιλανθρώπου.

1400 2440 1460 2492 nnit
1481 2446 1509 2491 et
1528 2437 1600 2490 infra
1620 2439 1722 2505 repetit
1742 2439 1807 2506 quia
1826 2439 1941 2505 respicit
1961 2456 2069 2506 seriipcr
2093 2441 2160 2502 τούς
2186 2443 2354 2492 συνοικούν-

1400 2545 1450 2590 τας
1475 2529 1530 2594 (llil.
1551 2527 1596 2592 12)
1622 2529 1633 2592 Ιὶ
1659 2527 1826 2592 περιβάλλου
1852 2526 1904 2580 Mt
1934 2527 1977 2588 (ci.
1999 2527 2105 2580 lluson.
2126 2527 2202 2580 arob.
2227 2527 2302 2580 Flor.
2329 2531 2353 2589 l,

1400 2616 1434 2668 84
1453 2615 1501 2682 lt.)
1522 2615 1557 2667 cf.
1578 2616 1625 2678 trs
1646 2615 1739 2667 subest
1758 2620 1793 2682 τῇ
1813 2615 1886 2683 οἰκίᾳ
1907 2633 1961 2682 qua
1981 2616 2014 2668 de
2034 2616 2128 2682 agitur
2150 2615 2184 2668 οἰ.
2205 2617 2222 2668 i.
2241 2615 2281 2680 εἰς
2301 2617 2354 2669 αύ-

1400 2705 1491 2768 τηνεί
1503 2704 1535 2755 ῖῖι
1547 2711 1588 2754 e's.
1603 2702 1691 2766 οἰκίας
1701 2705 1806 2767 κόσμος
1819 2705 1830 2768 ΙΙ
1843 2703 1876 2756 ad
1890 2715 2015 2756 extrema
2030 2705 2063 2756 ef.
2077 2705 2092 2756 7
2107 2706 2145 2768 ῶς
2157 2705 2187 2757 ἐν
2198 2706 2314 2772 πολέμῳ
2328 2745 2334 2756 .
2347 2746 2353 2756 .

1400 2794 1471 2859 πρὸς
1480 2793 1533 2856 τὴν
1545 2791 1643 2844 κακίαν
1655 2833 1660 2844 .
1672 2833 1677 2844 .
1689 2795 1734 2845 καῖ
1744 2795 1971 2858 προβαλλόμενος
1996 2789 2009 2863 i
2036 2794 2069 2846 tn
2080 2793 2226 2860 περίβαλλε
2236 2799 2302 2862 post
2318 2793 2356 2846 74

1400 2881 1469 2933 mire
1489 2881 1604 2945 dictum,
1632 2880 1679 2932 sed
1706 2881 1795 2934 voluit
1820 2882 1856 2945 μὴ
1883 2883 2057 2948 κατάγραφε,
2083 2882 2154 2934 ἀλλά
2173 2883 2353 2950 σωφροσύνῃ

1400 2969 1556 3034 περίβαλλε,
1580 2985 1653 3022 ιιυιισ
1677 2969 1811 3038 imagines
1837 2969 1974 3031 confudit,
2005 2970 2093 3038 igitur
2119 2987 2207 3040 neque
2226 2969 2351 3023 frontem

1400 3057 1544 3109 domorum
1571 3057 1728 3125 putaverim
1754 3057 1969 3126 intellegendam
1995 3075 2053 3110 csse
2077 3075 2166 3126 neque
2187 3058 2278 3112 πίναξι
2305 3061 2355 3112 καί

1399 3152 1522 3212 γραφαῖς
1541 3147 1629 3214 magis
1649 3147 1721 3198 inter
1741 3164 1769 3198 se
1789 3146 1902 3198 differre
1923 3164 2004 3213 qnam
2025 3166 2047 3200 e.
2067 3165 2093 3215 g.
2115 3145 2137 3198 T
2139 3147 2251 3200 heodor.
2277 3147 2305 3200 lt.
2327 3165 2351 3202 c.

1402 3236 1431 3287 ll
1453 3236 1598 3301 Ζωγράφοι
1619 3236 1669 3298 μέν
1687 3234 1779 3288 σανίσι
1799 3238 1843 3288 καί
1862 3235 1966 3300 τοίχοις
1985 3235 2036 3299 τάς
2055 3238 2174 3300 παλαιὰς
2192 3237 2354 3302 ἐγγράφον-

1400 3341 1445 3387 τες
1465 3324 1588 3389 ἱστορίας
1607 3323 1652 3388 (οί.
1665 3323 1831 3376 Boissonade
1853 3325 1887 3376 ad
1900 3325 2069 3377 Aristaenet.
2084 3326 2135 3384 25
2149 3344 2167 3394 p
2187 3327 2258 3390 dett),
2284 3343 2353 3378 nam

1400 3413 1434 3465 de
1452 3416 1573 3478 γλυφαῖς
1593 3413 1639 3465 rix
1661 3413 1840 3481 cogitandum
1861 3413 1896 3465 cf.
1919 3413 1970 3465 llio
1992 3414 2086 3480 Chrys.
2108 3415 2122 3467 ῖ
2143 3433 2169 3482 p.
2187 3415 2239 3468 962
2258 3417 2299 3468 ἐτι
2320 3417 2354 3468 δέ

1399 3501 1429 3554 ἐν
1450 3501 1546 3554 οἰκιῶν
1566 3501 1684 3567 ὀροφαῖς
1708 3503 1751 3552 καῖ
1775 3501 1880 3566 τοίχοις
1905 3505 1949 3554 καί
1970 3504 2067 3568 ἐδάφει
2087 3504 2122 3556 τὰ
2142 3505 2191 3566 μὲν
2211 3505 2351 3569 χρώμασι,

1398 3590 1434 3642 τά
1453 3591 1483 3642 δὲ
1502 3589 1596 3652 λίθοις,
1616 3590 1651 3641 τὰ
1671 3591 1700 3642 δέ
1721 3595 1825 3657 χρυσῶ,
1845 3591 1880 3642 τὰ
1898 3592 1921 3642 δ’
1936 3593 2068 3657 ἐλέφαντι
2081 3593 2295 3658 ποικιλλόντων,
2315 3593 2356 3644 τά

1399 3680 1430 3731 δέ
1441 3680 1538 3730 αὐτῶν
1552 3679 1654 3743 τοίχων
1671 3681 1792 3742 γλυφαῖς
1806 3679 1853 3740 (cf.
1864 3678 1914 3731 Th.
1927 3679 2070 3732 Srhreibcr
2082 3680 2194 3732 Wiener
2204 3680 2353 3733 Brurrnen·

1400 3767 1492 3820 relisis
1512 3785 1560 3820 ans
1578 3767 1635 3818 Pal.
1648 3767 1774 3818 Grimani
1791 3767 1859 3818 isse
1872 3785 1897 3835 p.
1914 3769 1956 3836 la)
1971 3769 1981 3832 ΙΙ
1995 3769 2110 3822 ἀλλοῖον
2131 3769 2191 3835 <dul
2212 3769 2352 3827 hleinekc,

1399 3856 1447 3906 sed
1467 3855 1500 3908 ci.
1517 3857 1559 3907 :lit
1579 3856 1613 3907 :itt
1633 3860 1661 3906 et
1680 3855 1714 3906 rt
1734 3857 1793 3908 ἐπεί
1813 3857 1845 3908 τὸ
1866 3857 1924 3920 μέν,
1947 3859 2034 3922 τύχης
2058 3857 2201 3923 ἐπίκαιρον
2221 3857 2352 3910 δάνειον·

1398 3945 1432 3996 τὸ
1448 3945 1477 3996 δὲ
1497 3947 1548 4007 τῆς
1566 3944 1751 4007 εὐδαιμονίας,
1769 3947 1967 4010 προαιρέσεως.
1997 3945 2061 3997 ἰιιάο
2078 3947 2160 3998 etiam
2179 3947 2263 4011 ἐστιν,
2283 3963 2354 3998 nam

1399 4032 1499 4100 copula
1518 4041 1611 4083 noster
1630 4050 1683 4084 non
1704 4033 1793 4084 ulitur
1808 4033 1843 4085 ci.
1856 4034 1949 4085 coroll.
1964 4034 1975 4099 ΙΙ
1988 4034 2083 4097 τὸμὲν
2096 4036 2172 4086 -τό
2188 4035 2218 4086 δέ
2234 4037 2282 4098 (sc.
2294 4047 2354 4086 σω-

1399 4121 1542 4186 φροσύνη)
1560 4121 1571 4185 ΙΙ
1589 4120 1785 4183 ἀνεξάλειπτος
1803 4129 1833 4173 nt
1852 4122 1958 4187 γραφαί
1971 4124 1982 4186 ΙΙ
1996 4123 2084 4186 οἰκίας
2103 4128 2219 4192 propter
2239 4123 2351 4186 ὀφθαλ-

1400 4213 1460 4274 μῶν
1480 4213 1508 4259 εί
1527 4209 1579 4271 τὴν
1593 4207 1683 4260 οἰκίαν
1702 4209 1818 4274 exordii,
1837 4209 1936 4262 tirellus
1950 4210 2065 4276 abesset,
2085 4211 2131 4263 aed
2146 4210 2351 4280 pedetemptim

1399 4295 1523 4363 procedit
1554 4296 1588 4348 οῖ’.
1610 4297 1643 4347 Is
1667 4299 1720 4361 τὴν
1739 4297 1829 4350 οἰκίαν
1848 4327 1877 4336 -
1896 4299 1929 4350 τὸ
1949 4300 1978 4351 δέ
1998 4301 2067 4362 ἡθος
2109 4296 2123 4369 ΙΙ
2167 4299 2200 4351 tt
2220 4299 2255 4352 nd
2275 4301 2352 4353 ἐνοι-

1400 4389 1521 4446 κούντας
1540 4386 1690 4436 revertitur
1707 4385 1740 4438 ei.
1753 4386 1794 4450 il,
1813 4385 1860 4437 sed
1881 4387 1953 4438 serti
1973 4387 2027 4438 iam
2047 4388 2123 4440 missi
2142 4393 2214 4452 sarit,
2233 4389 2294 4456 agit
2314 4388 2352 4440 de

1398 4472 1565 4539 recipiendis
1576 4474 1670 4524 altricis
1685 4473 1718 4526 οῖ’.
1731 4474 1764 4525 -lt
1776 4492 1834 4540 sqq.
1849 4475 1894 4532 icf.
1910 4476 1942 4528 ll
1953 4476 2040 4544 φιλίᾳ)
2054 4484 2082 4529 et
2095 4477 2128 4530 de
2142 4477 2312 4530 liberalitate
2339 4479 2354 4546 ΙΙ

1399 4561 1558 4614 αὐλίζεσθαι
1583 4561 1643 4613 cod.
1663 4562 1726 4614 l’ar.
1746 4565 1836 4630 suppl.
1856 4565 1909 4615 tta
1933 4581 1966 4616 ex
1992 4567 2027 4617 89
2064 4562 2077 4632 :l
2121 4567 2154 4621 ῖῖ
2181 4567 2350 4620 concluden-

1400 4649 1464 4702 dnm
1485 4654 1545 4702 erat
1565 4651 1601 4715 μὴ
1622 4651 1684 4702 ἀντί
1703 4651 1795 4718 φίλων
1814 4655 1981 4716 -κόλακας
2000 4657 2059 4707 κτλ.
2079 4655 2152 4721 quod
2177 4673 2238 4707 cum
2265 4655 2352 4709 inane

1399 4747 1479 4805 esset,
1500 4739 1536 4802 μὴ
1558 4740 1619 4791 ἀντί
1639 4745 1733 4792 κυνῶν
1753 4741 1890 4806 φυλάκων
1910 4741 1997 4809 (quod
2017 4759 2070 4794 om.
2090 4740 2136 4805 Αἰ)
2153 4771 2185 4780 -
2199 4747 2353 4809 λυμεῶνας

1398 4829 1501 4891 λύκους
1520 4827 1600 4894 dixit,
1620 4844 1684 4880 nam
1703 4829 1821 4896 simplex
1843 4832 1878 4894 μή
1899 4831 1960 4882 ἀντί
1987 4835 2127 4883 κυνῶν-
2146 4833 2248 4894 λύκους
2271 4836 2351 4886 stare

1399 4933 1452 4968 non
1474 4922 1584 4984 poterat
1596 4914 1609 4985 ll
1622 4917 1683 4969 ἀντί
1699 4918 1732 4970 iti
1747 4925 1775 4968 et
1789 4918 1822 4970 Ῑῖ
1843 4925 1949 4970 tantum
1965 4927 1974 4976 ll
1989 4919 2182 4984 εἰσδεχόμενος
2200 4924 2352 4984 λυμεῶνας

1398 5005 1559 5067 λύκουςΑίι
1580 5005 1614 5056 cf.
1635 5005 1729 5057 coroll.
1755 5001 1768 5076 γΙΞ
1797 5007 1830 5058 Ta
1850 5007 1920 5059 redit
1938 5007 1971 5058 ad
1986 5008 2028 5074 iit,
2047 5008 2093 5060 sed
2114 5025 2180 5061 roce
2197 5009 2351 5073 κοινωνίας

1399 5093 1433 5145 ad
1447 5095 1618 5159 χρηστότητι
1637 5095 1745 5146 adiecta
1764 5095 1863 5158 (ἤθους
1876 5109 1973 5161 χρηστ.
1989 5099 2032 5148 καί
2047 5113 2158 5150 κοινων.
2170 5095 2204 5161 L)
2224 5103 2251 5149 et
2271 5096 2350 5148 clau-

1398 5183 1459 5234 sula
1479 5182 1535 5246 ἅμα
1555 5199 1586 5235 τε
1604 5185 1649 5236 καί
1663 5185 1866 5250 φιλανθρώπου
1885 5185 1929 5244 (cl.
1948 5185 1993 5248 δ’ί)
2012 5191 2158 5238 coartantes
2182 5187 2349 5250 reparatum

1399 5271 1455 5333 άμα
1473 5287 1504 5323 τε
1516 5274 1552 5322 A:
1572 5287 1604 5324 τε
1623 5271 1748 5336 ἀμαΤν.;
1768 5288 1799 5325 τε
1819 5289 1872 5324 om.
1884 5272 1937 5324 ML
1953 5272 1988 5325 cf.
2000 5273 2033 5324 tlil
2045 5273 2135 5334 (aliter
2148 5275 2194 5340 38)
2210 5273 2226 5338 ὴ
2242 5277 2349 5340 μοχθη-

1399 5359 1444 5425 ρία
1464 5360 1519 5423 άμα
1540 5361 1584 5413 καί
1599 5361 1616 5424 ἡ
1631 5359 1743 5414 δουλεία
1758 5363 1823 5427 (non
1839 5361 1979 5426 ἡδουλεία
1990 5363 2045 5426 ἅμα
2056 5379 2087 5415 τε
2101 5363 2172 5426 καίὴ
2187 5362 2350 5428 μοχθηρία),

1399 5448 1444 5501 hic
1458 5448 1493 5501 ad
1508 5449 1662 5512 φιλοκάλου
1674 5449 1751 5516 (αρρ.
1767 5449 1966 5515 ἀπειροκάλου)
1979 5451 2096 5504 alterum
2109 5450 2188 5504 addit
2197 5450 2271 5517 quod
2283 5468 2350 5518 per-

1398 5537 1524 5604 sequitur
1541 5535 1583 5589 80.
1600 5539 1631 5588 tlt
1647 5537 1658 5602 ll
1672 5537 1907 5592 recausationem
1923 5541 2092 5594 σπουδάζειν
2111 5539 2302 5603 θαυμάζεσθαι
2328 5537 2345 5610 li
