5046 6802
1357 661 1377 722 li

364 851 432 898 turn
455 859 524 898 esse
547 852 579 898 ut
611 842 722 900 totiens
746 845 971 902 describeretur
992 843 1043 916 (cs.
1066 847 1084 904 i.
1108 866 1136 921 p.
1161 845 1222 918 11),
1251 867 1338 923 prae·
1391 849 1429 916 1),
1454 853 1509 906 sed
1532 859 1595 906 tam
1618 850 1723 906 leviter
1744 867 1808 906 rem
1832 849 1902 923 egit,
1928 859 1960 906 ut
1982 867 2006 908 s,
2030 851 2070 908 44
2093 867 2172 924 quae
2197 849 2363 906 manifesto

368 943 471 1000 sertim
501 945 530 999 in
566 944 721 1001 codicibus
745 941 925 1005 Βασιλικῶν
959 947 1009 1003 ubi
1033 948 1208 1024 plerumque
1231 949 1340 1022 legitur
1390 953 1501 1008 eodem
1525 952 1688 1026 pertineret
1720 951 1904 1024 relinqueret
1926 962 1956 1007 et
1978 967 2047 1007 cum
2076 950 2191 1024 eclogis
2214 950 2270 1006 illis
2290 947 2366 1023 περὶ

368 1046 446 1102 inter
467 1055 684 1104 testamentum
708 1047 848 1121 Gregorii
878 1047 1029 1121 Theologi
1056 1059 1086 1104 et
1114 1057 1275 1106 tractatum
1299 1052 1340 1107 de
1389 1048 1491 1112 πότου
1515 1053 1714 1110 dormitanter
1742 1053 1772 1108 in
1801 1053 1901 1126 capite
1924 1047 1997 1124 περὶ
2020 1045 2138 1124 ἀρετῆς
2169 1051 2365 1108 describeret.

366 1147 500 1204 bissexto
521 1179 554 1187 -—
573 1142 660 1205 ‘sunt
674 1158 776 1205 autem
797 1159 963 1224 praecepta
977 1198 983 1210 .
998 1194 1004 1208 .
1019 1149 1120 1206 folium
1137 1160 1265 1226 quartae
1280 1151 1338 1208 ior·
1390 1156 1538 1230 utrimque
1562 1156 1650 1229 igitur
1675 1163 1707 1208 et
1728 1171 1751 1209 s,
1771 1157 1806 1210 ts
1833 1163 1863 1208 et
1887 1170 1908 1212 s,
1928 1156 1967 1210 41
1992 1151 2067 1208 lines
2090 1151 2229 1218 excessit,
2254 1151 2366 1208 finibus

369 1265 438 1306 mae
461 1267 553 1306 unum
576 1249 624 1305 vix
647 1265 826 1317 excessura;
860 1252 934 1324 quid
958 1251 1038 1307 eninr
1067 1251 1167 1308 multis
1190 1252 1230 1307 ad
1254 1263 1338 1309 recte
1390 1256 1594 1312 diversissima
1616 1255 1746 1310 inclusit.

368 1352 519 1425 beateque
542 1351 704 1408 vivendum
726 1353 895 1426 praeceptis
911 1339 1026 1425 opus?'
1048 1361 1081 1408 ut
1104 1353 1176 1408 dicit
1189 1352 1338 1410 Kollarius

367 1453 407 1508 ad
430 1451 584 1508 Lambecii
607 1468 715 1508 comm.
740 1453 768 1518 5,
791 1453 861 1510 33s.

408 1552 449 1607 ad
468 1552 632 1609 Stobaeum
649 1561 682 1607 ut
699 1561 897 1621 transeamus,
922 1571 959 1609 ea
982 1554 1109 1628 primurn
1132 1556 1338 1612 examinanda

367 1665 438 1710 sunt
461 1669 540 1726 quae
563 1663 610 1710 sat
634 1655 752 1726 integra
775 1655 803 1712 in
819 1655 979 1728 Florilegio
1003 1674 1031 1729 q.
1054 1657 1084 1714 d.
1109 1656 1255 1731 leguntur.
1292 1665 1337 1712 at-

368 1773 428 1830 que
462 1765 568 1812 auctor
601 1756 788 1831 gnomologii
823 1769 893 1830 post
916 1757 1085 1814 sententias
1109 1759 1149 1812 de
1177 1757 1237 1812 deo
1261 1774 1337 1831 quas

368 1857 395 1912 D
419 1857 556 1921 servavit,
590 1857 619 1913 in
643 1857 678 1914 iis
704 1875 783 1932 quae
807 1858 830 1913 F
854 1857 1042 1930 potissimum
1066 1859 1218 1914 debentur
1242 1876 1336 1931 gene-

365 1958 466 2014 raliter
484 1973 609 2013 exorsus
631 1959 788 2015 concludit
811 1976 833 2017 s.
861 1959 897 2016 13
914 1967 946 2014 et
964 1962 1000 2016 14
1020 1954 1073 2030 Μὴ
1090 1955 1219 2018 πίστευε
1239 1955 1335 2036 τύχῃ

364 2056 415 2116 καὶ
435 2056 623 2131 πιστεύσεις
646 2058 718 2135 θεῷ,
742 2059 855 2117 deinde
870 2061 968 2134 pergit
991 2077 1013 2118 s,
1030 2064 1067 2118 15
1091 2055 1126 2119 Ὁ
1149 2057 1242 2138 τύχῃ
1268 2057 1336 2134 βίος

363 2155 651 2233 συμπεπλεγμένος
674 2155 757 2219 ἔοικε
779 2157 940 2236 χειμάρρῳ
970 2163 1104 2240 ποταμῷ
1126 2161 1191 2221 κτλ.
1216 2163 1255 2218 ab
1278 2160 1336 2218 hac

365 2261 518 2318 sententia
545 2261 574 2316 in
608 2262 707 2334 capite
735 2259 807 2336 περὶ
836 2257 952 2337 ἀρετῆς
986 2263 1090 2336 incipit
1120 2263 1272 2318 Stobaeus
1304 2272 1335 2318 et

363 2379 507 2436 magnum
541 2361 655 2418 deinde
684 2363 855 2438 eclogarum
889 2381 1047 2420 numerum
1080 2364 1109 2420 in
1138 2381 1214 2438 opus
1248 2383 1334 2422 suum

365 2464 561 2538 transcripsit.
606 2464 662 2520 sed
695 2464 811 2520 mireris
834 2483 904 2522 eum
933 2485 998 2522 as.
1025 2468 1061 2524 15
1085 2484 1185 2540 neque
1209 2484 1270 2524 as.
1297 2469 1334 2524 16

363 2559 453 2638 Ψυχή
477 2560 635 2638 ὁμιλοῦσα
658 2559 756 2642 ἀρετῇ
785 2560 889 2625 ἔοικεν
919 2560 1045 2644 ἀεννύιρ
1073 2567 1158 2644 πηγῇ
1186 2565 1251 2627 κτλ.
1283 2567 1334 2622 ini-

366 2667 438 2723 tium
469 2666 588 2740 iecisse,
614 2683 683 2723 nam
706 2684 729 2724 s.
757 2671 792 2724 15
817 2685 879 2722 non
903 2660 1021 2739 ἀρετὴν
1044 2677 1172 2741 spectat,
1204 2669 1260 2724 sed
1284 2663 1335 2726 τύ·

364 2783 422 2840 χην
446 2768 486 2823 de
509 2784 570 2840 qua
586 2776 676 2824 antea
699 2769 783 2839 (inde
806 2787 863 2826 as.
884 2767 932 2842 12)
955 2769 1055 2842 agitur
1076 2787 1228 2844 quamque
1244 2769 1335 2826 mittit

364 2869 493 2942 scriptor
515 2869 587 2924 inde
611 2889 629 2926 a
652 2887 674 2927 s,
701 2872 738 2927 16
760 2879 794 2926 ut
817 2871 857 2926 ad
881 2863 998 2943 ἀρετὴν
1024 2871 1255 2946 progrediatur;
1280 2872 1333 2928 sed

362 2971 507 3046 quoniam
538 2971 696 3028 verborum
724 2980 873 3028 structura
900 2989 923 3026 s.
956 2973 992 3030 15
1020 2983 1051 3028 et
1082 2975 1118 3030 16
1151 2973 1334 3030 coniunctae

364 3081 445 3140 sunt,
473 3089 510 3127 ea
534 3073 575 3128 de
598 3091 631 3129 re
654 3089 723 3129 cum
745 3072 881 3130 Stobaeo
903 3089 964 3128 non
987 3073 1236 3147 disceptabimus,
1283 3091 1334 3127 ve·

365 3189 431 3228 rum
455 3189 494 3228 ne
519 3173 656 3247 proxima
679 3173 802 3248 quidem
825 3175 945 3248 proprie
968 3175 1009 3232 ad
1041 3185 1133 3248 caput
1158 3171 1231 3249 περὶ
1260 3169 1333 3248 ἀρε-

361 3273 419 3346 τῆς
451 3274 612 3346 pertinent.
659 3291 729 3330 narn
756 3293 795 3330 ne
824 3275 925 3333 dicam
954 3278 994 3332 de
1026 3294 1048 3334 s,
1075 3279 1113 3336 18
1150 3293 1217 3351 sqq.
1253 3293 1332 3349 quae

363 3385 435 3432 sunt
454 3371 527 3448 περὶ
549 3369 785 3449 ἁμαρτημάτων
810 3385 841 3432 et
867 3393 994 3452 quarum
1024 3395 1092 3452 pars
1118 3375 1152 3452 (s.
1179 3379 1331 3450 lit-20⁸)

363 3477 469 3532 mirum
497 3477 529 3532 in
558 3478 683 3534 modum
709 3477 765 3532 sub
790 3477 980 3552 Pythagorae
1001 3481 1124 3536 nomine
1148 3482 1177 3536 in
1203 3499 1267 3554 cap.
1296 3483 1332 3538 13

361 3575 433 3651 περὶ
459 3574 642 3653 παρρησίας
671 3579 779 3652 legitur
801 3579 849 3652 (cf.
874 3581 965 3636 etiam
988 3579 1032 3640 Fl.
1059 3581 1106 3654 13,
1131 3582 1179 3639 24.
1204 3584 1253 3640 26.
1278 3579 1332 3656 27)

361 3690 391 3737 et
415 3681 494 3736 hanc
516 3681 559 3736 oli
580 3697 704 3736 causam
733 3699 750 3736 a
775 3679 909 3736 Stobaeo
943 3699 1025 3738 nunc
1058 3683 1214 3750 omittitur,
1251 3695 1332 3739 certe

360 3799 441 3856 quae
463 3783 535 3837 inde
559 3801 576 3837 a
600 3799 623 3838 s,
648 3783 686 3838 24
711 3798 804 3856 nsque
828 3783 868 3837 ad
891 3801 914 3841 s,
935 3784 975 3841 43
998 3785 1075 3856 luna
1098 3797 1227 3858 excepta
1250 3802 1274 3840 a.
1292 3789 1330 3840 25

360 3884 478 3956 quade
503 3901 527 3941 v.
544 3883 575 3948 i.)
590 3882 680 3956 plene
699 3883 869 3956 descripsit,
892 3901 953 3940 non
976 3886 1150 3942 sententiae
1174 3897 1244 3941 sunt
1260 3881 1332 3958 περὶ

360 3977 487 4056 ἀρετῆς,
512 3985 567 4040 sed
584 3981 656 4056 περὶ
670 3979 813 4044 πλούτου
829 3982 880 4044 καὶ
895 3982 1008 4060 πενίας
1026 3999 1097 4056 (suo
1112 3987 1271 4060 prooemio
1288 3989 1331 4042 ln·

360 4094 494 4140 structae
514 4080 660 4144 Ἐξὲταζε
684 4082 806 4145 σαυτὸν
828 4083 907 4158 κτλ.)
934 4095 965 4142 et
988 4083 1059 4160 περὶ
1085 4084 1177 4146 σίτου
1200 4085 1251 4146 καί
1272 4103 1331 4147 πο-

359 4184 425 4244 τοῦ.
471 4195 549 4259 quae
583 4186 684 4242 omnia
713 4187 864 4242 Stobaeus
898 4188 1001 4261 procul
1032 4187 1127 4244 dubio
1156 4189 1227 4245 ideo
1258 4207 1331 4246 con·

362 4287 497 4354 tinuavit,
512 4288 597 4360 quod
609 4289 720 4343 eodem
733 4287 826 4343 modo
843 4305 879 4342 ea
896 4289 926 4344 in
941 4290 1079 4364 exemplo
1096 4307 1151 4346 suo
1167 4291 1330 4347 coniuncta

360 4391 493 4463 repperit
517 4407 617 4464 neque
640 4389 670 4444 in
693 4388 793 4463 capita
816 4389 960 4465 discripta
984 4389 1098 4448 habuit.
1136 4409 1206 4448 nam
1229 4393 1331 4466 capita

359 4491 436 4545 siin
465 4491 575 4547 codice
610 4489 738 4547 luissent
774 4500 826 4548 aut
859 4491 935 4547 tituli
966 4492 1090 4564 singulis
1119 4495 1255 4565 partibus
1285 4494 1330 4548 in-

361 4591 474 4666 scripti,
506 4591 535 4646 in
559 4609 616 4648 sna
638 4609 780 4666 quaeque
804 4593 903 4667 capita
926 4593 1131 4650 distribuisset
1151 4603 1182 4650 et
1206 4603 1329 4650 senten·

360 4693 415 4748 tias
448 4688 520 4766 περὶ
549 4689 692 4753 πλούτου
727 4711 753 4751 e.
787 4711 814 4766 g.
849 4693 924 4752 Flor.
960 4711 985 4752 c.
1021 4696 1144 4752 91-97
1182 4695 1329 4752 dedisset.

361 4794 548 4867 transcripsit
582 4795 672 4868 igitur
703 4803 735 4850 ut
767 4807 855 4851 erant
888 4812 988 4869 neque
1021 4795 1149 4869 legentis
1183 4795 1238 4851 sed
1273 4812 1329 4851 suo

359 4896 524 4951 commodo
548 4896 706 4952 consuluit.
750 4913 934 4970 quamquam
965 4913 1002 4952 ea
1025 4895 1093 4952 illuc
1115 4897 1217 4970 potius
1240 4913 1329 4970 spec-

359 5007 422 5052 tare
435 5013 503 5051 eum
518 5015 579 5052 non
592 4996 720 5071 fugerat.
752 5014 822 5053 nam
845 5005 877 5052 ut
897 5014 919 5053 s¹
938 4999 1075 5055 lli-20⁸
1092 4997 1122 5052 in
1135 4997 1157 5052 F
1163 4997 1213 5052 lor.
1226 5015 1293 5070 cap.
1312 5002 1326 5056 l

358 5097 460 5152 omisit
487 5115 526 5152 ne
548 5111 619 5171 post
641 5099 720 5156 Flor.
742 5099 789 5170 13,
813 5099 936 5155 33-35
959 5099 1146 5165 iterarentur,
1178 5098 1220 5154 ita
1242 5116 1266 5156 S.
1288 5100 1327 5156 25

358 5198 470 5253 nullam
494 5197 584 5255 aliam
606 5198 646 5254 ob
669 5215 793 5255 causam
816 5198 864 5254 hic
887 5197 1041 5272 praeteriit
1065 5199 1120 5254 nisi
1144 5200 1229 5273 quod
1248 5199 1326 5259 Flor.

357 5314 422 5373 cap.
439 5302 478 5358 97
496 5298 597 5374 (inser.
618 5295 785 5374 σύγκρισις
808 5295 921 5372 πενίας
945 5295 996 5358 καλ
1019 5295 1183 5368 πλούτου),
1208 5301 1246 5357 30
1270 5301 1327 5356 etsi

359 5399 494 5474 Hypsaei
515 5401 636 5458 nomine
660 5417 727 5456 eam
749 5399 807 5456 iam
831 5401 1011 5457 collocatam
1035 5401 1166 5458 videbat.
1186 5431 1226 5440 -
1249 5418 1328 5476 quae

359 5504 566 5575 sequebantur
589 5503 762 5559 sententiae
785 5499 857 5576 περὶ
881 5499 991 5575 φιλίας
1013 5518 1067 5557 eas
1091 5502 1214 5576 quidem
1238 5519 1328 5576 sepa·

358 5603 435 5659 ravit
458 5612 489 5659 et
511 5605 646 5660 exsecuit
669 5613 703 5658 ut
736 5603 765 5658 in
788 5603 863 5659 libro
886 5604 912 5659 ll
936 5613 1064 5678 poneret
1093 5603 1175 5660 unde
1199 5604 1327 5677 sumpsit

1431 1357 1502 1412 inde
1527 1374 1544 1412 a
1568 1373 1591 1412 S.
1615 1359 1655 1413 41
1686 1365 1760 1428 quot
1794 1354 1918 1428 eclogas
1950 1352 2022 1428 περὶ
2056 1351 2167 1428 φιλίας
2197 1365 2227 1408 ct
2259 1353 2367 1429 qualia

1389 1475 1457 1514 cum
1480 1458 1535 1513 illis
1558 1456 1741 1514 transiluerit
1765 1473 1825 1510 non
1850 1465 1982 1520 constat,
2007 1473 2073 1511 cum
2098 1455 2162 1510 libri
2188 1453 2202 1510 1
2224 1465 2255 1509 et
2271 1453 2295 1509 ll
2319 1453 2365 1510 in·

1389 1561 1464 1632 regri
1487 1575 1549 1614 non
1573 1557 1732 1632 supersint.
1773 1557 1828 1612 sed
1851 1559 1880 1612 in
1903 1558 2002 1631 capite
2024 1553 2095 1630 περὶ
2118 1551 2236 1628 ἀρετῆς
2261 1572 2367 1612 rursus

1388 1659 1487 1734 pergit
1510 1661 1581 1716 inde
1607 1679 1624 1716 a
1648 1677 1670 1718 a.
1694 1660 1743 1722 51,
1776 1675 1879 1713 verum
1903 1674 1982 1730 quae
2011 1656 2139 1728 legimus
2162 1667 2268 1730 aperte
2290 1665 2364 1712 sunt

1388 1761 1557 1816 sententiae
1576 1757 1647 1830 περὶ
1662 1755 1814 1832 ἀληθείας
1831 1755 1882 1817 καὶ
1899 1753 2006 1830 δόξης,
2022 1775 2097 1832 quas
2115 1758 2143 1813 ni
2168 1757 2256 1813 sallor
2276 1758 2364 1831 quod

1389 1862 1541 1918 miscellae
1564 1860 1743 1916 videbantur
1777 1859 1916 1932 sartagini
1939 1859 2046 1932 capitis
2076 1854 2148 1931 περὶ
2171 1853 2290 1932 ἀρετῆς
2314 1875 2360 1912 re·

1387 1964 1522 2036 linquere
1538 1979 1629 2035 quarn
1647 1963 1738 2018 aliurn
1755 1961 1784 2017 in
1803 1961 1903 2018 locum
1920 1959 2039 2016 deferre
2055 1960 2168 2016 maluit.
2193 1958 2364 2015 sententias

1387 2066 1510 2122 57-65
1544 2073 1627 2119 recte.
1655 2063 1784 2120 seiunxit
1807 2073 1836 2118 et
1860 2063 1950 2134 capiti
1978 2058 2049 2133 περὶ
2073 2057 2282 2134 δικαιοσύνης
2311 2059 2364 2116 ιτί·

1387 2166 1460 2236 buit,
1489 2167 1545 2221 sed
1577 2165 1606 2220 in
1637 2165 1737 2237 capite
1767 2160 1839 2236 περὶ
1862 2157 1979 2237 ἀρετῆς
2004 2165 2111 2218 iterum
2137 2162 2207 2219 inde
2230 2181 2247 2218 a
2271 2181 2295 2220 s,
2320 2163 2363 2220 66

1386 2267 1554 2340 composuit
1570 2265 1736 2320 sententias
1760 2265 1885 2336 primurn
1909 2260 1981 2335 περὶ
2006 2259 2190 2335 ἐλευθερίας
2213 2259 2265 2322 καὶ
2287 2263 2360 2321 δου-

1386 2362 1485 2439 λείας,
1518 2367 1632 2422 deinde
1659 2359 1844 2436 οἰκονομικὰ
1870 2365 2013 2420 nonnulla
2038 2373 2194 2436 tarnquaru
2217 2365 2292 2421 alius
2317 2365 2363 2420 lo·

1386 2485 1439 2524 cus
1476 2485 1536 2523 non
1559 2477 1686 2541 pateret,
1718 2474 1810 2539 atque
1841 2483 1877 2520 ea
1908 2482 2028 2538 quoque
2059 2465 2164 2539 procul
2197 2465 2289 2521 dubio
2318 2466 2362 2521 ita

1386 2569 1546 2641 descripsit
1563 2569 1638 2624 utin
1655 2584 1710 2624 suo
1734 2566 1873 2640 exemplo
1895 2568 2061 2623 coniuncta
2083 2567 2255 2624 exstabant.
2297 2575 2362 2624 tam

1387 2671 1506 2726 diversa
1528 2670 1680 2726 Stobaeus
1705 2687 1765 2724 uno
1789 2669 1819 2723 in
1853 2668 1954 2742 capite
1978 2668 2160 2740 constipavit
2183 2685 2238 2724 sua
2262 2669 2359 2743 ipsius

1386 2770 1588 2844 dispositione
1611 2771 1762 2844 neglecta,
1786 2781 1888 2824 tamen
1911 2769 1965 2842 ipsi
1982 2770 2194 2842 neglegentiae.
2210 2770 2361 2826 debemus

1386 2873 1470 2944 quod
1495 2889 1548 2945 per
1570 2882 1632 2928 tam
1658 2871 1806 2945 prolixum
1830 2881 2003 2943 excerptum
2028 2870 2166 2925 ordinem
2190 2880 2282 2944 atque
2305 2888 2361 2926 ne-

1386 2989 1455 3026 xum
1479 2973 1697 3028 sententiarum
1726 2973 1776 3045 qui
1802 2970 1967 3044 antiquitus
1992 2969 2111 3025 suerunt
2135 2987 2360 3044 recognoscere

1387 3073 1464 3132 licet.
1510 3074 1584 3147 quid
1606 3075 1713 3130 mirum
1738 3074 1828 3146 igitur
1851 3072 1934 3144 quod
1959 3069 2050 3128 Conr.
2075 3071 2196 3127 Gesner
2218 3072 2359 3130 ordinem

1385 3173 1527 3230 codicum
1549 3175 1703 3231 turbatum
1726 3189 1794 3228 esse
1817 3183 1899 3228 ratus
1933 3172 2124 3244 transpositis
2149 3173 2263 3248 eclogis
2287 3173 2359 3230 Sto·

1384 3273 1463 3330 baeo
1486 3291 1661 3330 succurrere
1684 3273 1739 3328 sibi
1764 3274 1843 3328 visus
1866 3283 1968 3328 estet
1992 3270 2016 3328 C
2040 3272 2144 3330 8-30
2167 3267 2205 3346 (s.
2228 3276 2266 3330 21
2290 3291 2359 3348 sqq.

1380 3369 1528 3435 Ἔξέταζε
1561 3369 1696 3439 σαυτόν,
1730 3369 1851 3446 πότερα
1882 3372 2036 3433 πλουτεῖν
2071 3372 2175 3447 θέλεις
2209 3373 2289 3444 κτλ.)
2325 3385 2360 3430 et

1384 3479 1506 3534 35—45
1541 3475 1576 3542 (s.
1612 3477 1645 3534 11
1674 3493 1739 3550 sqq.
1773 3469 1877 3546 Ὅπερ
1908 3471 2040 3546 φεύγεις
2074 3474 2189 3534 παθεῖν
2214 3472 2291 3548 κτλ.)
2325 3476 2356 3530 in

1383 3595 1449 3652 cap.
1464 3574 1536 3651 περὶ
1551 3573 1773 3649 σωφροσύνης
1790 3578 1831 3646 lb,
1853 3576 2021 3648 stt-llil,
2044 3575 2068 3632 C
2084 3578 2123 3632 ts
2147 3587 2178 3632 et
2194 3579 2231 3634 tt
2257 3579 2293 3650 (s.
2308 3578 2359 3635 st.

1383 3683 1438 3750 81)
1462 3680 1491 3734 in
1515 3697 1581 3752 cap.
1605 3674 1676 3750 περὶ
1701 3673 1896 3750 φρονήσεως
1920 3677 2013 3750 (3.ῖ7.
2035 3673 2086 3735 tal
2102 3677 2208 3734 detulit
2231 3689 2262 3732 et
2278 3678 2302 3734 C
2317 3679 2355 3736 22

1383 3777 1419 3856 (s,
1434 3778 1485 3852 311)
1508 3782 1537 3836 in
1555 3798 1621 3854 cap.
1645 3775 1715 3851 περὶ
1739 3774 1851 3850 κακίας
1876 3779 1972 3848 (2311)
1996 3779 2145 3852 repetivit,
2170 3797 2356 3854 quamquam

1384 3901 1421 3936 ne
1445 3883 1484 3938 ita
1509 3882 1633 3955 quidem
1655 3892 1688 3936 ut
1708 3880 1785 3934 bene
1801 3880 1970 3952 dispositae
1987 3890 2090 3936 essent
2107 3879 2243 3952 perlecit.
2275 3897 2356 3954 quae

1384 4001 1463 4038 nunc
1486 3980 1522 4041 O.
1545 3981 1648 4037 Hense
1672 3983 1701 4036 in
1724 3981 1864 4036 codicum
1888 3981 2026 4036 ordinem
2048 3981 2178 4038 restituit
2202 3979 2253 4056 (cl.
2277 3999 2353 4038 mus.

1381 4084 1464 4142 rhen.
1487 4085 1536 4152 39,
1566 4079 1649 4154 392),
1683 4090 1764 4137 recte
1795 4097 1864 4137 eum
1898 4080 2063 4138 restituisse
2087 4091 2118 4136 et
2146 4099 2242 4138 rerum
2265 4099 2356 4154 argu·

1381 4193 1485 4240 mento
1508 4193 1540 4240 et
1562 4194 1731 4240 ceterarum
1755 4181 1968 4239 collectionum
1991 4181 2099 4238 ordine
2128 4183 2352 4256 comprobatur.

1381 4317 1421 4325 -
1434 4287 1464 4341 in
1477 4284 1502 4342 C
1515 4286 1552 4341 47
1567 4285 1688 4359 explicit
1699 4293 1875 4356 excerptum
1888 4283 1958 4337 varii
1972 4285 2142 4354 argumenti
2154 4284 2263 4356 capitis
2281 4281 2358 4358 περὶ

1381 4381 1509 4462 ἀρετῆς,
1530 4387 1569 4444 ab
1592 4383 1799 4442 oeconomicis
1822 4383 1982 4438 sententiis
2000 4383 2138 4455 politicas
2156 4379 2195 4457 (C
2215 4384 2353 4458 57-67)

1381 4487 1533 4544 Stobaeus
1557 4487 1717 4560 separavit.
1756 4500 1884 4556 quarum
1907 4501 1997 4539 unam
2020 4484 2134 4540 rettulit
2158 4486 2199 4540 ad
2224 4504 2290 4560 cap.
2314 4493 2353 4544 45

1379 4586 1452 4662 περὶ
1474 4589 1538 4649 τῶν
1559 4583 1594 4646 ἐν
1616 4586 1686 4660 ταῖς
1709 4582 1823 4645 πόλεσι
1846 4583 2003 4652 δυνατῶν,
2027 4583 2156 4658 reliquas
2173 4587 2213 4642 ad
2230 4604 2295 4660 cap.
2313 4589 2357 4645 46

1380 4687 1451 4766 περὶ
1480 4685 1581 4764 ἀρχῆς
1609 4687 1674 4747 κτλ.
1703 4698 1736 4744 ut
1767 4705 1847 4760 quae
1877 4685 2057 4740 coniunctae
2094 4697 2179 4742 erant
2212 4705 2273 4743 non
2308 4689 2355 4744 di·

1380 4793 1514 4851 velleret.
1557 4791 1657 4846 locum
1684 4789 1808 4862 quidem
1836 4793 1917 4842 recte
1946 4786 2129 4860 adsignavit,
2158 4789 2214 4844 sed
2244 4790 2355 4845 iterum

1380 4895 1609 4970 compilatorem
1648 4889 1907 4963 deprehendimus
1948 4906 2009 4944 non
2041 4889 2130 4946 nimis
2169 4897 2353 4950 accuratum.

1380 5091 1521 5171 ἄρχοντα
1545 5095 1570 5152 si
1593 5091 1821 5155 examinaveris,
1848 5090 1943 5146 multa
1965 5090 2006 5144 ibi
2029 5092 2163 5163 reperies
2186 5092 2227 5146 de
2250 5109 2357 5165 aequo

1379 5199 1481 5255 iudice
1513 5198 1597 5254 dicta
1626 5203 1658 5250 et
1689 5193 1796 5250 similia
1827 5207 1931 5247 eorum
1962 5209 2040 5264 quae
2068 5209 2104 5248 ex
2128 5189 2270 5264 Epicteto
2302 5211 2352 5250 ca-

1379 5299 1433 5373 piti
1455 5294 1527 5371 περὶ
1549 5291 1756 5368 δικαιοσύνης
1779 5293 1987 5350 mandaverat.
2028 5309 2088 5368 qua
2120 5311 2151 5349 re
2178 5301 2208 5349 et
2230 5295 2298 5367 ipsa
2321 5295 2355 5350 id

1380 5408 1462 5455 certe
1497 5397 1721 5470 comprobatur,
1761 5394 1892 5470 Epicteti
1925 5395 2094 5450 sententias
2127 5391 2198 5468 περὶ
2232 5395 2353 5452 δικαιο-

1379 5495 1482 5572 σύνης
1512 5516 1531 5554 a
1559 5499 1719 5554 sententiis
1746 5493 1818 5568 περὶ
1840 5489 1942 5567 οἰκίας
1964 5505 1996 5551 et
2024 5490 2281 5568 περὶπολιτείας
2305 5513 2354 5550 re.-

1379 5610 1478 5656 motas
1503 5610 1595 5673 atque
1618 5599 1673 5655 illis
1697 5599 1861 5654 anteriores
1887 5596 1990 5656 luisse.
