5046 6802
1344 583 1394 646 IV

385 777 468 836 Serti
491 779 661 836 sententias
684 777 744 834 edo
761 777 980 852 Pythagoricae
1002 776 1079 834 illius
1096 776 1162 834 aevi
1182 775 1351 852 sapientiae
1402 776 1578 834 nouttzensi
1599 776 1733 850 benigne
1756 776 1977 835 commodatos.
2022 774 2165 833 Rufinum
2188 793 2255 833 cum
2278 775 2401 832 Grae·

383 877 537 954 specimen
561 896 621 936 non
644 879 861 956 spernendum,
883 878 1147 952 gnomologiorum
1166 875 1349 934 Graecomm
1400 878 1443 934 cis
1466 877 1674 952 adiungerem,
1697 895 1826 952 aequum
1842 887 1907 934 erat
1927 877 1956 933 in
1980 877 2034 934 illis
2048 867 2252 934 Patmiensem
2268 876 2401 953 potius

390 979 515 1054 quidem
531 989 669 1038 ramenta
690 980 791 1051 exilia;
820 995 896 1053 quas
919 978 1077 1052 quomodo
1100 977 1241 1036 edendas
1263 985 1352 1052 puta·
1402 995 1493 1053 quam
1518 977 1702 1036 Vaticanum
1730 996 1911 1054 proponere,
1940 976 2123 1036 Vaticanum
2146 995 2213 1035 cum
2237 976 2330 1053 Syris
2358 975 2397 1033 in

382 1081 474 1138 verim
496 1081 600 1156 paucis
622 1078 809 1155 significabo.
1402 1089 1550 1154 apparatu
1574 1097 1764 1154 congregare
1791 1110 1829 1120 —-
1857 1096 1927 1136 nam
1958 1078 2003 1134 his
2033 1079 2062 1135 in
2086 1079 2174 1135 rebus
2204 1096 2243 1136 ne
2273 1079 2400 1136 diver-

427 1180 551 1239 Rufinus
574 1182 661 1238 vertit
679 1181 761 1238 Sexti
785 1181 953 1238 sententias
977 1179 1109 1256 1-451,
1130 1179 1159 1234 in
1183 1177 1350 1234 Patmiensi
1401 1197 1450 1238 sas
1475 1181 1668 1238 recensiones
1693 1198 1730 1238 ex
1757 1189 1862 1237 nostro
1892 1179 2014 1238 arbitrio
2036 1180 2215 1236 misceamus
2237 1195 2399 1236 summo-

384 1291 415 1339 et
428 1281 577 1340 Vaticano
600 1291 692 1356 atque
704 1279 783 1357 Syris
806 1282 890 1357 plura
912 1289 1032 1336 exstant
1055 1297 1134 1354 quae
1157 1278 1222 1335 sine
1244 1279 1349 1334 distin·
1399 1299 1472 1358 pere
1496 1283 1668 1340 cavendum
1691 1291 1746 1340 est.

382 1383 482 1440 ctione
505 1383 730 1452 continuantur,
753 1391 786 1440 ut
807 1381 996 1440 Graecorum
1019 1381 1079 1438 siut
1103 1381 1235 1448 1-610,
1260 1379 1349 1454 Syro·
1442 1392 1547 1439 contra
1570 1381 1659 1458 Syros
1682 1391 1715 1440 ut
1738 1383 1873 1458 integros
1896 1381 2063 1457 reciperem
2091 1399 2108 1438 a
2136 1400 2184 1438 me
2208 1381 2395 1457 impetrare

382 1501 445 1541 rum
481 1501 557 1559 quos
594 1482 811 1542 Gildemeister
850 1482 1028 1558 appendicis
1068 1481 1136 1538 loco
1176 1480 1349 1554 composuit
1402 1501 1463 1542 non
1493 1487 1589 1559 potui,
1627 1487 1668 1543 ita
1697 1485 1778 1542 enirn
1807 1493 1927 1540 vertunt
1952 1477 2000 1560 (ut
2026 1482 2088 1539 lere
2116 1484 2216 1540 solent
2238 1483 2303 1558 Syri
2339 1484 2394 1540 de

380 1581 406 1638 ll
433 1584 566 1654 1-587,
603 1583 617 1640 Ι
648 1580 713 1659 (qui
749 1593 851 1642 tamen
885 1583 1039 1658 epilomess
1076 1583 1172 1639 Solam
1211 1573 1348 1655 exhibet)
1398 1589 1507 1664 quibus
1531 1586 1568 1644 cl.
1593 1585 1709 1662 Ryssel,
1738 1586 1813 1642 tiber
1840 1587 1901 1642 den
1929 1583 2157 1643 textltritischen
2181 1583 2284 1642 Werth
2320 1585 2395 1641 der

380 1687 513 1746 1-555.
553 1702 682 1760 quorum
712 1693 815 1742 tamen
843 1684 984 1742 condicio
1008 1699 1069 1740 11011
1092 1699 1214 1758 prorsus
1238 1683 1348 1738 eadem
1397 1706 1453 1764 syr.
1471 1685 2042 1762 Uebersetzungeugrleclr.Klassiker
2062 1685 2151 1746 1880.
2169 1686 2258 1754 1881,
2281 1693 2387 1762 apte-

378 1797 434 1854 est,
470 1803 541 1844 nam
572 1796 603 1843 et
633 1787 757 1844 codices
783 1785 927 1842 differunt
954 1795 985 1841 et
1008 1785 1108 1842 variae
1136 1793 1238 1857 partes
1262 1781 1348 1840 lacile
1399 1806 1458 1862 que
1482 1798 1697 1863 comparantur
1715 1789 1862 1846 Analecta
1885 1788 2042 1845 orientalia
2063 1787 2104 1844 ad
2126 1787 2280 1862 poeticam
2302 1787 2388 1844 Ari-

381 1887 616 1962 distinguuntur.
651 1887 765 1944 deinde
785 1897 815 1943 et
844 1887 984 1962 Syrorum
1009 1884 1204 1941 recensiones
1227 1891 1258 1938 et
1281 1882 1347 1940 Pat-
1398 1889 1560 1948 stoteleam
1586 1891 1634 1948 ed,
1658 1889 1863 1964 Margolioutb
1889 1881 1983 1966 1887)
2016 1897 2048 1945 ut
2078 1889 2198 1963 apicum
2228 1888 2382 1945 similitu-

382 1989 506 2046 miensis
531 1990 669 2046 ordinem
695 1989 842 2063 praebent
864 1987 994 2043 maxime
1023 1986 1155 2042 lacerum
1183 1993 1214 2039 et
1244 1982 1347 2039 contu·
1397 1991 1485 2046 dines
1508 1999 1622 2046 tantum
1645 1999 1820 2066 sequantur,
1843 1989 2020 2064 saepissime
2043 2006 2081 2044 ex
2096 1989 2194 2046 verbis
2217 1999 2269 2046 aut
2294 1988 2385 2044 nihil

381 2103 446 2144 sum
476 2097 509 2146 ut
535 2089 576 2145 de
604 2087 649 2146 bis
673 2107 795 2165 quoque
825 2089 915 2144 rebus
938 2086 1148 2162 quaerendum
1171 2085 1208 2142 sit
1231 2079 1282 2156 (cl.
1306 2086 1346 2142 ad
1396 2100 1447 2148 aut
1470 2091 1549 2148 male
1571 2091 1730 2148 intellectis
1755 2091 1829 2148 mira
1851 2099 1943 2164 atque
1962 2089 2098 2146 inaudita
2120 2087 2277 2161 effingam.
2314 2087 2384 2162 igi-

380 2207 404 2249 s.
422 2191 490 2248 262.
509 2191 577 2249 379.
594 2191 652 2247 413
677 2187 738 2266 al).
774 2191 834 2246 iam
857 2193 897 2246 ad
920 2190 1011 2246 verba
1025 2187 1109 2244 Sexti
1131 2185 1346 2242 constituenda
1397 2201 1444 2248 tur
1467 2192 1576 2248 ceteris
1603 2193 1847 2268 discrepantibus
1875 2207 2008 2264 quocum
2036 2189 2172 2246 lacerent
2197 2190 2248 2246 ubi
2278 2187 2383 2247 facile

377 2308 446 2347 cum
467 2299 587 2366 praeter
610 2291 747 2348 Graecos
770 2291 894 2348 codices
917 2291 1071 2347 versiones
1093 2287 1217 2344 Latinas
1241 2297 1270 2343 et
1293 2285 1345 2361 Sy·
1396 2303 1461 2350 erat
1485 2293 1662 2363 diiudicatu,
1686 2311 1726 2350 ne
1746 2293 1854 2368 longus
1870 2309 1971 2349 essem
1993 2291 2118 2366 simplici
2133 2300 2208 2347 nota
2223 2291 2375 2357 indicavi,

378 2392 475 2449 riacas
497 2391 690 2449 adhibendas
714 2409 783 2448 esse
808 2401 964 2468 appareat,
988 2400 1089 2448 tamen
1112 2407 1175 2444 non
1198 2387 1239 2444 ita
1263 2405 1346 2444 com·
1397 2393 1497 2452 adieci
1518 2404 1677 2469 praeterea
1700 2394 1829 2450 selectas
1852 2411 1914 2450 non
1937 2393 2008 2449 dico
2024 2392 2120 2450 varias
2144 2391 2291 2450 lectiones
2308 2394 2377 2449 sed

377 2501 500 2567 paratae
525 2502 606 2568 sunt,
628 2501 661 2549 ut
683 2493 758 2567 quid
782 2493 812 2549 in
824 2493 944 2550 Graeco
965 2492 1106 2566 exemplo
1131 2489 1258 2564 legerint
1278 2506 1345 2564 pro·
1394 2496 1549 2552 versiones
1573 2507 1604 2552 et
1627 2495 1885 2570 interpretationis
1913 2493 2051 2560 ludibria,
2077 2510 2147 2551 nam
2170 2509 2277 2550 omnes
2300 2493 2374 2550 illo-

378 2595 456 2651 tinus
480 2593 589 2652 elicias.
623 2593 750 2651 Rufinus
773 2594 896 2669 quidem
920 2603 966 2650 sat
989 2593 1128 2666 religiose
1150 2609 1213 2649 rem
1237 2591 1300 2664 egit
1315 2599 1344 2648 et
1395 2615 1460 2654 rum
1482 2614 1579 2669 nugas
1603 2596 1762 2653 enucleare
1786 2595 1914 2652 taeduit.

375 2695 461 2771 quasi
484 2695 607 2752 verbum
631 2693 723 2750 verbo
747 2695 891 2753 reddidit.
924 2711 1002 2768 quae
1025 2709 1071 2750 res
1095 2711 1164 2750 cum
1186 2691 1341 2766 egregium
1437 2707 1558 2772 praeter
1581 2698 1704 2754 codices
1728 2706 1759 2753 et
1782 2698 1935 2753 versiones
1958 2695 2219 2752 commemorandi
2243 2695 2372 2752 luerunt

375 2797 544 2872 exemplum
577 2797 614 2852 sit
641 2796 798 2870 quomodo
825 2795 874 2852 illa
901 2804 1004 2852 aetate
1033 2793 1154 2852 Graeca
1188 2794 1279 2850 verba
1311 2793 1340 2848 iu
1393 2799 1432 2856 illi
1457 2799 1507 2872 qui
1531 2810 1583 2858 aut
1599 2797 1680 2856 Sexti
1702 2799 1861 2856 sententiis
1884 2797 1928 2854 usi
1950 2806 2001 2854 aut
2025 2814 2094 2854 cum
2114 2797 2159 2853 eis
2175 2794 2368 2869 cognatione

374 2897 517 2954 Latinum
541 2906 657 2953 vertere
683 2895 763 2952 soliti
793 2895 863 2972 sint,
890 2895 1033 2955 Rufinum
1056 2895 1204 2968 integrum
1228 2911 1340 2970 propo·
1393 2904 1525 2978 quadarn
1551 2899 1706 2958 coniuncti
1734 2909 1813 2960 sunt.
1855 2899 1989 2974 epitome
2012 2897 2154 2955 Sestiana
2183 2897 2240 2954 sed
2269 2913 2368 2971 pecu-

373 3000 428 3073 sui,
452 2997 539 3056 simul
561 3007 592 3054 ut
615 3007 815 3055 monstrarem
843 3014 903 3072 qua
925 2996 1043 3054 ratione
1067 2995 1166 3052 Rufini
1188 2998 1280 3051 verba
1310 2995 1340 3051 in
1391 3002 1455 3059 llari
1479 3003 1573 3059 modo
1594 3020 1632 3057 ex
1655 3002 1753 3076 priore
1776 3012 1862 3076 parte
1884 3010 1914 3056 et
1937 3000 2109 3076 appendice
2126 2997 2297 3073 composita
2315 3003 2365 3054 est

374 3099 529 3157 codicibus
559 3099 670 3156 tradita
698 3106 802 3155 essent
829 3109 859 3156 et
886 3099 1045 3172 quomodo
1077 3098 1122 3154 vel
1150 3095 1339 3154 Graecorum
1390 3103 1505 3179 sylloge
1528 3099 1680 3169 Clitarchi,
1704 3118 1783 3176 quae
1808 3111 1910 3158 tamen
1932 3111 1965 3159 et
1987 3103 2052 3176 ipsa
2075 3119 2111 3156 ex
2134 3099 2222 3156 variis
2248 3097 2362 3156 codici·

375 3218 434 3275 ope
457 3199 661 3259 emendanda.
698 3199 779 3256 velut
805 3201 889 3274 quod
918 3217 941 3257 s.
967 3200 1026 3258 309
1050 3208 1097 3256 est
1125 3199 1154 3254 in
1181 3198 1338 3254 codicibus
1388 3204 1444 3261 bus
1476 3203 1665 3260 restituenda
1697 3213 1744 3259 est
1774 3213 1803 3261 et
1835 3202 1912 3261 intra
1938 3211 2010 3277 post
2031 3199 2220 3276 appendices
2244 3201 2364 3259 edetur.

367 3289 458 3358 ‘nihil
489 3301 549 3360 tale
581 3317 684 3357 vemm
708 3308 779 3377 post
809 3295 917 3358 deum'
949 3318 1014 3376 sqq.
1040 3321 1079 3348 =
1105 3295 1201 3360 οὐδὲν
1232 3293 1338 3371 οὕτως
1389 3303 1597 3362 conserendae
1629 3314 1716 3361 erant
1749 3305 1864 3362 deinde
1892 3302 2083 3380 Pythagorae
2110 3301 2293 3377 sententiae,
2320 3317 2360 3357 ex

369 3399 540 3478 ἐλεύθερον
562 3399 640 3476 μετὰ
660 3399 746 3482 θεόν,
769 3402 963 3460 scribendum
985 3411 1050 3459 erat
1071 3396 1157 3457 ‘nihil
1180 3409 1241 3456 tam
1266 3399 1337 3455 libe·
1388 3405 1514 3481 Syriacis
1531 3405 1602 3462 olim
1619 3426 1636 3462 a
1653 3405 1898 3482 Gildemeister0‚
1921 3404 2040 3462 Graece
2064 3402 2276 3461 aSchenkelio
2292 3401 2362 3459 edi·

369 3524 433 3562 rum
461 3515 531 3579 post
557 3489 675 3582 deum',
708 3522 730 3565 S.
751 3506 810 3564 289
839 3494 909 3560 ‘ore
936 3504 1018 3578 prius
1047 3505 1138 3559 deum
1165 3501 1279 3556 habeto
1306 3499 1336 3556 lu
1389 3516 1448 3583 tae,
1482 3505 1560 3562 inira
1595 3507 1667 3563 item
1699 3505 1879 3564 Patmiensis
1914 3523 1974 3580 ope
2005 3504 2106 3562 denuo
2138 3505 2291 3572 edendae,
2327 3511 2359 3557 et

367 3616 470 3664 mente
493 3625 584 3682 quam
604 3599 750 3681 respiras’
769 3627 807 3654 =
825 3601 1064 3678 συνεχέστερον
1091 3596 1158 3662 νόει
1181 3597 1238 3659 τὸν
1261 3595 1336 3659 θεὸν
1388 3627 1455 3664 cum
1480 3607 1653 3682 Pythagora
1677 3607 1833 3682 Porphyrii
1857 3606 1988 3682 epistula
2017 3607 2057 3664 ad
2081 3604 2265 3663 Marcellam.
2303 3605 2361 3659 mi-

367 3705 386 3782 ἢ
403 3703 547 3776 ἀνάπνει,
563 3719 611 3766 est
624 3701 797 3776 ‘crebrius',
820 3725 842 3768 s.
860 3709 877 3764 5
898 3698 975 3761 ‘deo
993 3704 1122 3760 studens
1138 3701 1234 3758 fidelis
1250 3695 1335 3756 esse'
1387 3725 1462 3765 nora
1479 3710 1632 3782 quaedam
1654 3709 1766 3765 ibidem
1783 3710 1954 3766 accuratius
1978 3708 2188 3766 tractabuntur
2201 3705 2282 3762 velut
2298 3703 2357 3760 Nili

369 3833 408 3859 =
422 3805 620 3884 ἐπιτηδεύων
646 3803 706 3869 οὖν
729 3805 844 3881 πιστὸς
868 3801 948 3866 εἶναι
972 3806 1011 3862 nil
1034 3804 1116 3861 aliud
1140 3803 1197 3860 nisi
1216 3790 1307 3858 ‘ideo
1316 3788 1334 3876 ³,
1388 3819 1418 3865 et
1433 3809 1555 3884 Euagrii
1578 3811 1773 3867 collectiones
1797 3821 1829 3867 et
1853 3827 1930 3885 quae
1954 3815 2076 3867 exstant
2088 3807 2232 3865 Sestiana
2252 3807 2282 3862 in
2305 3825 2359 3863 va·

367 3931 390 3971 s.
412 3913 470 3970 393
494 3907 630 3968 ‘mentiri
650 3911 679 3966 in
702 3912 762 3968 vita
783 3909 923 3984 decipere
947 3917 993 3964 est
1016 3915 1048 3963 et
1071 3899 1187 3979 decipi'
1205 3900 1334 3979 :tpet'r-
1384 3910 1433 3966 riis
1453 3911 1655 3985 gnotnologiis
1671 3921 1702 3968 et
1716 3912 1921 3986 scriptoribus,
1953 3911 2025 3967 item
2042 3908 2208 3966 Maximum
2225 3917 2256 3964 et
2277 3924 2359 3982 quae

365 4013 478 4073 δεσθαι
493 4007 669 4088 φυλάττου,
685 4007 774 4071 ἔστιν
788 4006 850 4083 γὰρ
868 4003 995 4068 ἀπατᾶν
1010 4005 1061 4066 καὶ
1077 4002 1261 4066 ἀπατᾶσθαι
1277 4006 1294 4065 i.
1307 4023 1334 4066 e.
1384 4019 1455 4066 sunt
1490 4011 1553 4066 eius
1584 4012 1701 4086 generis
1727 4011 1833 4086 quibus
1863 4013 1998 4087 undique
2032 4009 2166 4068 collectis
2203 4009 2359 4066 editiones

365 4103 501 4171 ‘mentiri
525 4097 599 4168 vita’
622 4122 679 4169 etc.
713 4111 859 4168 orationis
875 4110 1013 4184 exempla
1037 4110 1095 4166 sint
1116 4109 1175 4166 329
1196 4096 1334 4164 ‘maioris
1384 4109 1521 4167 infercire
1549 4113 1648 4168 solent
1676 4129 1799 4186 prorsus
1828 4113 1951 4169 secrevi.
1989 4119 2124 4168 ceterum
2148 4120 2287 4168 notarum
2311 4110 2358 4166 in·

370 4215 456 4291 pretii
480 4206 630 4289 dignum’,
657 4213 716 4268 206
737 4202 950 4287 ‘poenitebis‘‚
976 4213 1014 4267 13
1034 4203 1163 4266 ‘suadet
1186 4203 1240 4276 te²‚
1273 4210 1330 4267 361
1389 4213 1489 4268 dicem
1520 4212 1596 4270 inira
1625 4213 1783 4289 adscripsi,
1816 4223 1994 4290 apparatum
2027 4213 2130 4286 quoad
2165 4212 2227 4268 fieri
2257 4212 2355 4286 potuit

360 4310 498 4390 ‘parcius
525 4306 637 4389 magis'
659 4322 690 4370 et
717 4313 776 4370 366
802 4306 955 4386 ‘praestat
978 4306 1100 4384 magis',
1132 4311 1171 4369 74
1192 4300 1332 4368 ‘verbum
1387 4314 1512 4390 resecui,
1536 4332 1628 4390 quem
1651 4313 1718 4370 licet
1741 4315 1926 4371 contractior
1947 4314 2087 4371 videatur
2109 4315 2267 4370 obscurum
2292 4329 2354 4368 non

368 4418 414 4473 vel
439 4402 615 4476 ratio'=b
637 4410 736 4487 λόγος
754 4421 785 4468 et
805 4414 861 4471 tte
882 4405 997 4469 ‘oratio
1020 4412 1065 4468 vel
1089 4397 1332 4486 vota'=et'rxt't‚
1387 4413 1452 4472 sore
1481 4433 1580 4491 spero.
1621 4435 1679 4490 qua
1703 4421 1805 4470 autem
1834 4416 2001 4473 rationein
2026 4415 2154 4471 edendis
2178 4414 2357 4471 Sextisen-

368 4518 425 4576 327
447 4509 904 4592 ‘praeveniens’=qtllt'tvetet
924 4513 982 4572 401
1008 4507 1061 4569 ‘ne
1085 4523 1115 4570 te
1139 4502 1332 4587 praetereat'
1391 4517 1491 4572 tentiis
1514 4534 1586 4574 usus
1609 4517 1674 4582 sim,
1702 4518 1815 4573 deinde
1839 4535 1899 4592 qua
1920 4527 1984 4573 arte
2008 4517 2151 4572 verterint
2173 4527 2205 4572 et
2227 4515 2357 4572 Rufinus

366 4613 538 4692 τ-μήποτε
562 4613 661 4696 λάθῃς
686 4625 742 4674 etc.
766 4615 911 4690 proposui
934 4623 1037 4671 autem
1061 4615 1158 4671 varias
1185 4617 1331 4673 lectiones
1387 4626 1418 4672 ct
1442 4617 1504 4692 Syri
1527 4616 1716 4690 interpretes,
1745 4617 1818 4690 quid
1844 4619 1883 4673 de
1908 4617 2009 4673 Rufini
2037 4617 2193 4673 codicibus
2217 4625 2352 4673 statuen-

367 4736 429 4774 non
463 4736 579 4787 omnes,
613 4735 683 4774 nam
712 4717 936 4774 Gildemeisteri
967 4707 1131 4792 operosam
1163 4718 1331 4774 editionem
1387 4718 1461 4774 dum
1491 4719 1559 4782 sint.
1594 4727 1657 4774 tum
1686 4719 1726 4774 de
1756 4717 1979 4792 compositione
2007 4717 2110 4774 indole
2137 4726 2239 4774 aetate
2267 4717 2354 4774 fonte

368 4820 498 4896 spoliare
526 4837 588 4875 non
617 4818 708 4888 licuit,
741 4818 795 4875 sed
820 4819 948 4874 selectas
971 4829 1004 4874 ut
1027 4818 1078 4892 qui
1101 4819 1224 4874 codices
1247 4815 1330 4891 (nam
1384 4819 1501 4893 origiue
1524 4819 1659 4876 Sextiani
1680 4819 1780 4893 operis
1808 4819 1937 4894 posthac
1967 4836 2102 4875 seorsum
2130 4828 2247 4894 agetur,
2280 4835 2350 4875 nam

370 4931 416 4978 est
446 4922 496 4977 ubi
522 4913 627 4995 infimi)
657 4927 709 4976 aut
741 4928 855 4976 rectum
882 4921 1028 4976 servarint
1055 4929 1245 4994 compareret
1278 4929 1331 4976 aut
1383 4922 1602 4995 prolegomena
1629 4921 1738 4994 quibus
1768 4921 1807 4976 de
1836 4921 1882 4976 bIs
1909 4920 2000 4976 rebus
2029 4919 2124 4976 fusius
2148 4919 2284 4994 exposui,
2312 4937 2353 4975 ne

364 5024 426 5080 sive
468 5041 539 5080 casu
575 5023 637 5077 sive
671 5021 848 5078 coniectura
880 5020 1009 5077 rectiora
1043 5021 1220 5080 invenerint.
1269 5021 1330 5078 Gil·
1385 5021 1500 5078 libellus
1523 5022 1649 5077 modum
1666 5021 1837 5089 excederet,
1862 5020 2054 5095 segreganda
2070 5018 2200 5078 luerunt.
2231 5020 2350 5076 interim

369 5125 541 5182 demeisteri
569 5122 726 5179 codicibus
753 5121 860 5177 addidi
891 5121 1037 5177 lectiones
1064 5123 1179 5179 codicis
1201 5125 1330 5180 Atreba·
1382 5123 1481 5197 priore
1503 5119 1563 5178 lroc
1585 5121 1731 5180 fasciculo
1748 5125 1879 5198 prodeat
1891 5120 1974 5176 Sexti
1991 5121 2211 5177 sententiarum
2228 5137 2265 5177 ea
2281 5137 2351 5195 pars

368 5227 461 5283 tensis
477 5221 530 5301 (T)
544 5241 623 5282 saec.
639 5223 666 5280 X
691 5241 708 5278 a
723 5221 838 5279 Ioanne
852 5220 887 5276 W
895 5222 995 5278 robel
1019 5223 1135 5296 collega
1158 5223 1228 5280 olim
1241 5222 1329 5280 Czer·
1381 5240 1471 5296 quam
1497 5225 1584 5280 vertit
1608 5223 1741 5282 Rufinus
