5046 6802
1359 526 1388 588 L

396 721 512 780 ciorum
533 720 728 796 gnomologio
750 736 873 794 prorsus
896 719 977 775 nulla
1000 727 1045 776 est
1064 716 1259 776 familiaritas.
1290 713 1346 788 igi·
1396 716 1427 772 in
1451 711 1511 790 οὐχ
1538 711 1724 790 δπολλοὺς
1756 711 1866 776 ἐλεῶν.
1909 717 1983 772 item
2010 716 2062 773 ubi
2085 731 2165 772 nova
2195 715 2349 772 sententia

398 833 447 882 tur
468 823 509 880 nil
532 821 708 898 relinquitur
734 821 791 878 nisi
813 828 847 878 ut
869 819 1092 878 concludamus
1115 817 1249 894 Euagrio
1277 833 1347 873 cum
1398 819 1511 884 evadit,
1544 817 1747 892 Pythagorica
1770 818 1863 875 verba
1886 817 2109 892 dignoscuntur
2136 817 2220 877 velut
2237 813 2272 878 s.
2299 821 2348 878 15.

400 926 459 984 alia
470 923 740 999 Pythagoricorum
762 922 873 996 scripta
895 921 1004 996 quibus
1026 921 1057 978 in
1079 910 1341 978 suis‘sententiis'
1399 918 1447 976 20.
1469 918 1518 976 23.
1539 947 1579 956 -
1602 918 1703 992 paullo
1724 919 1825 976 miuus
1848 927 1956 992 aperta
1983 933 2031 976 res
2060 927 2108 975 est
2135 917 2166 974 in
2187 919 2283 977 altero
2305 919 2348 977 al·

398 1043 471 1084 usus
489 1033 543 1093 est,
565 1033 627 1081 tum
650 1023 825 1099 florilegium
847 1032 970 1098 praesto
993 1017 1278 1079 suissellflonacensi
1293 1035 1347 1094 ge·
1397 1016 1541 1092 phabet0.
1574 1019 1633 1076 iam
1655 1036 1723 1076 rara
1744 1019 1883 1094 exempla
1903 1035 1983 1093 quae
2005 1019 2135 1077 totidem
2156 1020 2255 1078 verbis
2276 1039 2346 1078 cum

397 1127 530 1193 mellum,
561 1127 646 1183 cuius
673 1133 790 1200 partem
814 1125 941 1199 primam
965 1125 1037 1181 data
1060 1123 1161 1197 aliqua
1182 1120 1348 1178 occasione
1399 1117 1607 1193 Pythagoricis
1636 1129 1818 1195 congruant,
1855 1128 1959 1176 tamen
1988 1119 2036 1177 hic
2066 1137 2189 1196 quoque
2221 1122 2348 1195 vestigia

398 1227 625 1302 transcripserit.
662 1202 736 1283 utut⁴
754 1233 801 1282 est
823 1225 896 1281 dum
920 1225 960 1282 de
984 1225 1100 1297 origine
1126 1221 1213 1279 huius
1238 1220 1348 1276 veteris
1399 1220 1511 1294 ubique
1533 1221 1647 1277 adsunt
1669 1228 1700 1276 et
1726 1220 1816 1278 verba
1843 1219 2044 1296 Pythagorica
2071 1229 2225 1296 tamquam
2251 1222 2347 1297 pellu-

399 1327 605 1387 translationis
628 1326 754 1384 certiora
775 1327 970 1402 edoceamur,
995 1326 1089 1382 satius
1113 1340 1181 1381 esse
1200 1322 1273 1380 duxi
1294 1321 1349 1377 has
1399 1329 1478 1381 cent.
1512 1319 1618 1396 itaque
1636 1323 1704 1394 lege
1730 1321 1857 1378 solutior
1879 1330 1927 1378 est
1949 1321 2044 1379 altera
2066 1321 2144 1380 haec
2165 1325 2348 1398 compositio

400 1429 569 1488 sententias
591 1445 654 1485 non
678 1429 754 1485 inter
770 1427 960 1502 Euagrianas
983 1424 1060 1482 infra
1084 1425 1269 1488 describere,
1292 1420 1350 1476 sed
1401 1431 1433 1477 ut
1456 1439 1518 1478 non
1542 1423 1602 1478 iam
1625 1423 1760 1496 integras
1776 1423 1946 1480 sententias
1962 1421 2076 1489 aflerat,
2101 1425 2158 1480 sed
2173 1425 2348 1482 memoriam

399 1529 593 1607 gnomologio
616 1528 657 1585 illi
678 1528 843 1585 Democriti
869 1527 907 1586 al.
930 1526 1109 1600 relinquere,
1143 1523 1227 1598 quod
1249 1537 1350 1594 neque
1403 1531 1550 1598 sequatur
1572 1532 1603 1580 et
1624 1523 1772 1580 lectiones
1786 1522 2003 1598 Pythagoricas
2025 1525 2255 1598 quodammodo
2278 1545 2349 1584 coa-

397 1624 629 1704 ‘Byzantinnm'
644 1637 690 1687 est
705 1647 804 1702 neque
821 1623 1015 1685 ‘restitutum'
1034 1636 1068 1684 ut
1087 1627 1146 1683 alio
1162 1625 1231 1681 loco
1247 1632 1348 1679 osten·
1399 1624 1514 1680 lescere
1537 1625 1648 1682 dixeris
1672 1623 1753 1680 velut
1775 1642 1798 1681 s.
1824 1624 1930 1684 aedo.
1957 1625 2062 1684 32-33.
2097 1627 2153 1684 sed
2175 1629 2260 1702 quod
2280 1647 2349 1704 gra·

400 1733 480 1806 darn,
504 1731 561 1787 sed
583 1747 653 1786 vere
677 1728 911 1804 Pythagoricum
935 1737 966 1784 et
989 1745 1058 1785 cum
1073 1723 1280 1801 Pythagoricis
1303 1740 1350 1779 re·
1400 1724 1463 1780 vius
1482 1733 1538 1794 est,
1559 1726 1662 1781 media
1678 1725 1861 1783 collectione
1880 1726 1954 1782 inde
1976 1744 1994 1785 a
2015 1743 2039 1783 s.
2056 1729 2095 1784 311
2117 1737 2150 1784 et
2173 1727 2269 1787 forma
2289 1731 2347 1788 sol·

400 1832 599 1890 stituendum.
1400 1825 1506 1882 lemnis
1535 1826 1593 1882 iam
1617 1825 1769 1882 deseritur
1791 1825 1996 1883 acrostichide
2018 1835 2086 1884 utut
2108 1827 2140 1885 111
2164 1829 2348 1904 performata

443 1933 483 1990 de
512 1931 585 2007 ipsis
614 1930 737 2006 Euagrii
765 1947 842 2005 quas
873 1945 954 1985 nunc
982 1927 1101 1984 edimus
1129 1925 1284 1984 sententiis
1319 1933 1351 1981 ut
1399 1923 1452 1996 (cf.
1474 1942 1497 1983 s.
1523 1927 1561 1984 34
1589 1936 1620 1983 et
1655 1928 1704 1996 36,
1729 1927 1768 1986 38
1792 1937 1823 1982 et
1845 1922 1898 2000 39)
1934 1937 1966 1984 et
1998 1929 2158 2003 peculiaris
2190 1932 2349 1990 cuiusdam

401 2034 524 2090 verbum
550 2042 670 2089 tantum
700 2032 814 2088 addam
838 2060 875 2070 -
901 2046 971 2086 nam
994 2027 1086 2084 nimia
1112 2028 1172 2084 iam
1194 2026 1350 2102 praelatus
1400 2025 1611 2102 philosophiae
1624 2027 1738 2085 indicia
1752 2037 1914 2102 emergunt
1930 2024 1981 2101 (cs.
1999 2046 2022 2088 s.
2034 2023 2118 2104 3879.
2136 2033 2171 2088 41
2191 2031 2255 2104 al),
2271 2051 2350 2108 quae

402 2151 468 2193 sum
489 2151 563 2209 prae
586 2134 739 2207 paucitate
761 2131 981 2188 sententiarum
1002 2159 1043 2168 --
1066 2144 1128 2184 non
1150 2129 1247 2202 ipsum
1270 2127 1350 2182 Eua·
1400 2143 1439 2182 ne
1463 2127 1640 2184 obscuriora
1662 2128 1822 2185 videantur
1842 2130 1922 2186 vitae
1944 2131 2135 2188 monasticae
2157 2143 2276 2208 patrum
2289 2135 2348 2192 Ae·

401 2235 455 2310 grii
486 2235 602 2302 librum,
637 2251 728 2309 quem
759 2240 883 2307 propter
906 2230 1116 2306 Pelagianismi
1144 2229 1349 2303 suspicionem
1398 2227 1570 2302 gyptiorum
1592 2228 1765 2286 meminisse
1781 2229 1903 2289 iuvabit.
1934 2231 2049 2288 sedita
2066 2235 2348 2309 utrumquealpha·

400 2336 588 2394 intercidisse
610 2334 747 2403 dixerim,
772 2335 828 2390 sed
852 2332 1068 2390 sententiarum
1092 2329 1268 2402 florilegium
1293 2345 1349 2384 nos
1400 2328 1503 2384 betum
1540 2339 1750 2402 comparatum
1788 2339 1835 2387 est
1870 2339 1903 2387 ut
1941 2348 2034 2390 unum
2065 2343 2222 2392 auctorem
2261 2336 2348 2393 facile

402 2448 507 2496 tenere
535 2436 708 2494 arbitrabar.
753 2433 919 2508 alphabeta
941 2433 1067 2506 quidem
1097 2432 1236 2506 gnomica
1259 2425 1350 2504 (quae
1400 2445 1560 2502 agnoscas,
1583 2429 1621 2488 cf.
1644 2447 1667 2487 s.
1693 2433 1710 2489 7
1734 2433 1835 2492 etat.
1865 2435 1956 2490 14111
1980 2435 2029 2492 311.
2054 2437 2072 2493 9
2096 2437 2195 2494 et33.
2219 2431 2348 2513 5115111

402 2539 494 2595 multa
523 2545 594 2594 sunt
620 2537 650 2592 in
676 2535 835 2592 codicibus
869 2542 900 2588 et
925 2553 964 2590 ea
989 2551 1081 2608 quarn
1115 2532 1243 2607 primum
1269 2529 1349 2586 colli·
1400 2531 1439 2587 32
1463 2530 1499 2585 al.
1521 2531 1644 2588 -ium
1667 2547 1738 2588 vero
1761 2531 1850 2590 tertia
1872 2533 2014 2591 collectio
2037 2535 2181 2592 etforma
2204 2547 2347 2613 etargu·

402 2635 516 2713 gendal
539 2646 587 2694 sat
602 2645 719 2692 vetusta
742 2643 872 2700 exstant,
895 2633 951 2690 sed
968 2633 992 2689 si
1010 2633 1067 2690 hac
1090 2630 1187 2688 forma
1202 2631 1350 2706 Euagrius
1400 2637 1504 2686 mento
1524 2647 1647 2704 prorsus
1671 2631 1790 2689 differre
1813 2633 1940 2691 videtur.
1977 2644 2080 2692 tamen
2103 2648 2134 2692 et
2155 2637 2185 2694 111
2209 2637 2253 2694 his
2276 2641 2349 2696 sub·

402 2739 569 2798 sententias
591 2737 740 2803 condidit,
764 2753 816 2793 cur
836 2736 954 2792 tertiam
971 2733 1182 2792 collectionem
1198 2733 1349 2788 diversam
1400 2740 1469 2789 sunt
1491 2731 1691 2806 Pythagorica
1716 2741 1747 2789 et
1770 2751 1809 2791 ca
1831 2735 1967 2792 similiter
1994 2735 2168 2796 deformata
2195 2748 2287 2814 atque
2315 2741 2346 2796 in

402 2840 557 2913 adiecerit,
579 2855 654 2895 sane
676 2837 782 2894 mirum
805 2845 860 2894 est.
898 2837 955 2892 sed
979 2836 1108 2892 certiora
1131 2835 1161 2891 in
1184 2834 1257 2908 ipsis
1278 2850 1349 2888 sen·
1400 2833 1606 2908 superioribus
1629 2832 1667 2891 cf.
1690 2849 1714 2894 s.
1736 2837 1775 2893 56
1799 2853 1867 2892 cum
1891 2853 1913 2896 e.
1934 2839 1981 2902 15,
2005 2845 2035 2894 et
2058 2855 2082 2897 S.
2099 2841 2139 2898 54
2161 2841 2253 2897 etiam
2276 2857 2346 2915 pro-

401 2941 502 2998 tentiis
532 2937 809 3013 deprehenduntur.
848 2955 919 2994 nam
949 2955 971 2995 S.
996 2938 1036 2995 34
1063 2943 1093 2991 et
1123 2937 1161 2994 36
1192 2928 1350 2993 Κάκιστον
1402 2932 1471 3007 pius
1502 2933 1593 2990 abest
1621 2934 1659 2990 ab
1689 2936 1816 3012 antiquo
1839 2937 1980 3012 exemplo
2002 2955 2091 3012 quam
2115 2955 2138 2999 e.
2163 2943 2211 3007 10,
2245 2943 2287 2998 ita
2313 2951 2347 2998 ut

402 3042 508 3114 μνῆμα
530 3038 595 3098 κτλ.
619 3047 650 3095 et
669 3032 834 3107 Μέγιστον
855 3039 961 3111 μνῆμα
983 3035 1048 3096 κτλ.
1071 3034 1253 3109 interposita
1275 3051 1298 3090 s.
1313 3035 1351 3092 85
1404 3032 1484 3089 hanc
1505 3049 1630 3107 quoque
1653 3035 1692 3090 ab
1718 3039 1830 3094 eodem
1853 3047 1979 3096 auctore
2000 3039 2169 3114 prolectam
2196 3057 2264 3098 esse
2285 3059 2346 3098 cer-

404 3137 502 3201 Λάλει
530 3135 551 3198 ἃ
578 3137 626 3198 δεῖ
652 3137 728 3210 κτλ,
764 3147 816 3195 aut
843 3140 881 3196 10
903 3146 935 3194 et
957 3139 998 3196 54
1022 3129 1179 3196 Κάκιστόν
1201 3131 1271 3194 ἐστι
1293 3129 1353 3192 πά·
1404 3143 1467 3189 tum
1497 3135 1546 3192 sit.
1580 3136 1702 3192 accedit
1728 3139 1813 3212 quod
1842 3139 1960 3213 etipsa
1982 3141 2021 3196 24
2046 3143 2204 3199 sententiis
2228 3153 2346 3201 constat

403 3243 473 3302 θεσι
498 3235 665 3300 δουλεύειν
687 3232 836 3313 αἰσχροῖς
857 3247 890 3296 et
905 3233 1025 3298 Δεινόν
1048 3232 1117 3296 ἐστι
1141 3229 1258 3295 πάθεσι
1280 3235 1353 3295 bou-
1403 3243 1438 3290 ut
1463 3235 1627 3309 alphabeta
1649 3237 1713 3294 duo
1743 3235 1825 3312 (nam
1848 3241 1934 3316 quod
1956 3257 1980 3298 s.
2005 3241 2044 3297 68
2066 3251 2099 3298 et
2121 3243 2160 3301 69
2183 3245 2215 3299 in
2237 3245 2348 3300 codici-

403 3338 506 3404 λεύειν
526 3336 661 3415 σαρκός,
684 3350 715 3398 et
735 3340 912 3415 praesertim
941 3357 963 3399 s.
988 3339 1027 3398 38
1050 3346 1081 3393 et
1108 3340 1147 3392 30
1170 3331 1276 3410 Ξένος
1299 3332 1352 3395 καὶ
1403 3335 1459 3391 bus
1482 3337 1696 3412 discerpuntur
1717 3339 1850 3415 itemque
1873 3341 1903 3396 in
1927 3342 1993 3400 coll.
2014 3340 2043 3399 11
2066 3360 2090 3403 e.
2107 3345 2157 3413 43,
2180 3354 2284 3402 contra
2304 3347 2347 3401 rei

402 3439 503 3517 πένης
525 3441 603 3502 Θεοῦ
626 3437 829 3514 κολλούριον·
857 3435 1075 3513 δδεχόμενος
1097 3433 1198 3498 αὐτὸν
1227 3434 1352 3511 ταχέως
1401 3445 1542 3494 naturam
1576 3437 1690 3495 sactum
1716 3433 1788 3518 est),
1824 3449 1858 3498 ut
1890 3443 2022 3500 eundem
2053 3461 2212 3502 numemm
2244 3455 2349 3503 auctor

403 3538 579 3617 ἀναβλέψει
601 3549 812 3617 excerptorem
834 3542 967 3615 produnt
991 3541 1078 3597 nimis
1098 3539 1178 3597 facili
1201 3556 1293 3594 manu
1310 3538 1352 3595 al·
1401 3539 1533 3596 voluisse
1567 3539 1705 3597 videatur
1735 3541 1805 3597 licet
1832 3543 2070 3601 acrostichidem
2099 3546 2256 3606 dimiserit.
2292 3548 2346 3603 sed

403 3645 536 3720 phabeta
558 3642 757 3718 colligentem,
788 3641 845 3699 nisi
873 3641 950 3699 sorte
973 3642 1070 3717 ipsum
1095 3640 1261 3714 Euagrium
1283 3656 1353 3696 cum
1401 3639 1521 3698 vinculo
1543 3641 1603 3696 iam
1626 3641 1746 3698 solutae
1768 3645 1943 3700 sententiae
1968 3647 2140 3718 procedunt
2162 3655 2194 3704 et
2214 3648 2347 3723 singulae

403 3763 440 3803 ex
454 3744 539 3802 Sexti
560 3751 614 3800 aut
628 3741 896 3817 Pythagoricorum
922 3743 1003 3799 libris
1025 3759 1097 3798 suas
1112 3740 1281 3799 sententias
1298 3741 1353 3798 de·
1401 3743 1498 3815 magis
1526 3743 1686 3817 magisque
1715 3743 1794 3800 inter
1815 3760 1849 3800 se
1872 3744 2039 3803 cohaerent
2061 3743 2114 3822 (cf.
2138 3765 2161 3808 e.
2185 3749 2224 3806 49
2246 3759 2279 3805 et
2300 3750 2347 3806 50.

403 3845 549 3921 cerpserit
577 3843 638 3901 tale
667 3843 824 3901 artificium
847 3853 987 3901 secutum
1011 3860 1080 3900 esse
1103 3843 1352 3904 existimabimus,
1402 3845 1438 3902 61
1457 3841 1551 3917 sqq.);
1587 3841 1655 3899 hinc
1683 3844 1805 3900 diversa
1832 3845 1882 3902 illa
1905 3845 1992 3903 huius
2015 3846 2202 3906 collectionis
2232 3852 2346 3924 species

403 3964 474 4005 nam
495 3944 676 4021 florilegium
699 3953 780 4002 certe
808 3952 863 4013 est,
898 3953 962 4001 tam
984 3945 1105 4001 diversa
1127 3955 1199 4001 sunt
1221 3953 1253 4002 et
1275 3945 1355 4002 inter
1400 3937 1498 4020 (Sexti
1526 3943 1706 4016 aphorismis
1736 3961 1775 4002 ea
1804 3945 1835 4001 in
1861 3963 1893 4002 re
1918 3945 2062 4020 similior),
2096 3948 2166 4007 hinc
2194 3969 2273 4008 nova
2299 3952 2347 4008 illa

403 4064 438 4104 se
461 4045 591 4104 confusa
612 4063 693 4121 quae
715 4045 745 4102 in
766 4045 976 4102 acrostichidis
997 4045 1124 4102 formam
1145 4056 1254 4102 coacta
1270 4045 1352 4102 vide·
1401 4053 1433 4102 et
1453 4044 1484 4100 in
1498 4041 1706 4118 Pythagoricis
1729 4046 1868 4104 inaudita
1886 4048 1967 4105 velut
1988 4066 2012 4106 e.
2029 4051 2078 4108 51.
2095 4053 2143 4110 52.
2159 4053 2199 4110 57
2224 4049 2274 4127 (cf.
2287 4048 2347 4127 44).

403 4163 481 4214 mus,
514 4156 545 4204 et
574 4147 660 4203 initia
686 4146 876 4221 potissimum
901 4146 1123 4204 sententiarum
1144 4163 1205 4203 non
1230 4146 1353 4202 inventa
1402 4146 1451 4203 59.
1474 4146 1523 4204 00.
1549 4145 1588 4203 69
1612 4154 1644 4200 et
1670 4145 1712 4202 de
1734 4147 1883 4222 scriptura
1913 4165 2000 4206 sacra
2022 4159 2115 4226 atque
2136 4152 2208 4210 lesu
2231 4151 2347 4210 Christo

403 4248 460 4306 sed
484 4266 502 4306 a
524 4247 720 4323 compilatore
748 4246 920 4304 deformata
943 4257 1023 4309 sunt.
1066 4248 1185 4322 singula
1207 4255 1352 4304 auteme
1401 4246 1573 4302 sententiae
1600 4248 1708 4304 til-68.
1749 4247 1792 4305 ita
1819 4250 1904 4323 quod
1933 4249 2112 4326 florilegium
2145 4270 2214 4311 esse
2247 4255 2347 4330 coepit

404 4349 605 4424 Pythagorica
633 4348 734 4422 aliqua
756 4348 939 4406 collectione
961 4357 1106 4423 excerpta
1133 4365 1201 4404 esse
1224 4347 1352 4405 manile·
1402 4346 1638 4421 Pythagoricum
1660 4363 1715 4421 per
1736 4350 1958 4408 acrostichides
1982 4361 2158 4427 excerptum
2188 4363 2219 4410 et
2241 4373 2259 4411 a
2284 4371 2347 4412 me-

404 4460 484 4508 stum
505 4459 563 4508 est.
1401 4447 1454 4504 dio
1477 4447 1574 4504 altero
1597 4447 1763 4522 alphabeto
1784 4449 1941 4524 paullatim
1963 4453 2050 4510 novis
2072 4453 2160 4511 dictis
2174 4455 2348 4513 commisce·

447 4558 539 4624 atque
562 4559 596 4606 ut
618 4565 698 4624 quae
726 4550 803 4607 ratio
830 4549 909 4607 inter
932 4549 1097 4624 Euagrium
1121 4549 1354 4626 Pythagoricos·
1402 4556 1459 4612 tur,
1488 4547 1578 4606 tertia
1600 4548 1783 4607 collectione
1808 4551 1925 4609 desinit
1946 4554 1977 4610 111
2003 4555 2176 4627 gnomicam
2199 4557 2347 4630 composi-

404 4668 465 4726 que
491 4650 664 4708 intercedat
685 4650 788 4726 paullo
811 4651 982 4708 accuratius
1004 4651 1223 4726 examinemus,
1257 4649 1354 4725 prima
1401 4650 1517 4706 tionem
1540 4648 1636 4706 forma
1658 4649 1799 4712 solutam.
1841 4654 1967 4728 quaesi
1990 4654 2036 4712 his
2064 4657 2155 4714 rebus
2178 4658 2347 4714 accuratius

405 4752 545 4810 collectio
575 4761 641 4809 tota
667 4761 714 4810 est
741 4769 814 4808 vere
836 4750 1048 4827 Pythagorica,
1082 4769 1153 4808 nam
1182 4751 1254 4807 licet
1275 4767 1352 4806 non·
1401 4750 1557 4825 perpensis
1589 4750 1636 4806 vel
1664 4752 1707 4809 ita
1728 4761 1762 4809 ut
1782 4770 1864 4810 nunc
1886 4764 1956 4813 sunt
1985 4755 2042 4830 ipsi
2066 4755 2197 4830 Euagrio
2219 4759 2349 4815 tribuere

404 4851 504 4910 nullae
534 4851 641 4910 iisdem
669 4853 767 4911 verbis
789 4855 819 4910 in
841 4853 951 4910 nostris
975 4853 1097 4928 syllogis
1119 4869 1182 4908 non
1204 4851 1353 4928 legantur,
1400 4851 1553 4917 malueris,
1577 4851 1637 4908 iam
1659 4869 1718 4927 ego
1741 4869 1804 4910 non
1819 4855 1948 4929 amplius
1971 4855 2155 4930 refragabor.
2188 4859 2348 4916 unumad·

405 4961 507 5011 tamen
540 4971 647 5011 omnes
676 4970 715 5010 ex
741 4955 852 5012 eadem
880 4963 910 5011 et
932 4953 1111 5028 opinionum
1140 4962 1171 5009 et
1193 4954 1354 5010 verborum
1401 4952 1482 5020 dam,
1506 4952 1645 5010 eiusdem
1668 4954 1757 5010 trium
1779 4953 1993 5013 collectionum
2018 4958 2141 5032 originis
2163 4959 2275 5016 indicia
2296 4977 2350 5035 ap-

404 5054 503 5130 patria
521 5054 702 5128 prodierunt
724 5064 755 5112 et
777 5053 911 5112 colorem
933 5062 1138 5129 servaverunt,
1169 5069 1282 5110 novum
1307 5062 1354 5110 ta·
1400 5069 1507 5127 parere
1543 5052 1635 5110 etiam
1668 5054 1699 5110 in
1733 5055 1831 5112 verbis
1864 5067 1917 5114 aut
1952 5059 2128 5117 notionibus
2166 5061 2350 5136 quibusdam

404 5155 529 5213 meniu
550 5172 638 5212 usum
660 5155 736 5213 scite
758 5163 863 5214 auctor
880 5155 1030 5212 convertit
1051 5156 1113 5213 sive
1136 5153 1261 5212 deflexit
1281 5171 1349 5212 sen·
1401 5153 1613 5210 communibus
1635 5171 1714 5228 quae
1735 5155 1865 5214 breviter
1896 5157 2009 5215 influe
2033 5175 2234 5236 componam:
2267 5153 2349 5236 ἀρχή

404 5255 527 5334 tentiae,
568 5256 649 5313 velut
672 5273 695 5316 s.
720 5258 758 5314 22
788 5252 982 5330 Χριστιανοῦ
1006 5251 1126 5330 ἀνδρὸς
1156 5255 1275 5329 scripsit
1298 5272 1353 5329 pro
1402 5256 1429 5312 1.
1452 5255 1506 5326 493
1543 5249 1683 5328 εὐσεβής
1713 5259 1739 5316 5.
1764 5257 1819 5326 32;
1857 5252 1959 5318 ἐλεῶν
1979 5261 2008 5320 5.
2032 5263 2088 5337 523
2124 5258 2222 5337 φίλος
2247 5261 2274 5322 7.
2300 5265 2350 5321 27.

406 5353 539 5416 Κυνικοῦ
562 5351 691 5431 ἀνδρός,
721 5373 744 5415 s.
769 5359 787 5414 11
810 5351 907 5431 ‘lepte
931 5357 961 5414 in
985 5356 1082 5414 locum
1106 5357 1189 5413 vocis
1212 5352 1354 5415 Βασιλέα
1402 5348 1466 5430 (46.
1490 5354 1561 5429 09);
1587 5349 1694 5430 ἱερεύς
1719 5353 1747 5415 9.
1772 5359 1827 5430 33;
1858 5355 1951 5433 ξένος
1975 5362 2023 5420 14.
2047 5363 2102 5434 38;
2136 5355 2253 5422 πάθεσι
2276 5361 2352 5422 bou-

405 5455 567 5524 substituit,
600 5459 665 5516 so
697 5451 927 5531 Εὐσεβὴςούχ
949 5451 969 5515 ὁ
990 5454 1097 5517 πολλὰ
1118 5453 1206 5516 θύων
1227 5458 1354 5514 mutavit
1401 5450 1505 5515 λεύειν
1532 5458 1577 5516 10.
1599 5457 1655 5530 54;
1691 5451 1909 5534 ἀνεπίληπτος
1937 5463 1985 5521 23.
2009 5462 2063 5536 3³3
2099 5459 2277 5538 φιλόδοξος
2301 5465 2350 5524 31.
