5046 6802
234 737 361 794 54-56
382 731 454 808 περὶ
481 729 633 808 ἀληθείας
657 732 708 793 καὶ
732 732 827 809 δόξης

235 837 360 894 57—65
384 832 456 908 περὶ
478 833 686 910 δικαιοσύνης

238 935 362 994 66-73
385 932 457 1011 περὶ
480 932 664 1011 ἐλευθερίας
686 932 737 996 καί
760 932 910 1011 δουλείας

223 1037 360 1110 roe—68
384 1033 456 1111 περὶ
478 1039 586 1112 ψυχῆς
609 1036 659 1096 καί
683 1033 838 1110 σώματος

235 1139 360 1196 tta-ta
383 1137 456 1211 περὶ
478 1135 660 1212 ἐλευθέρων
684 1133 735 1197 καὶ
756 1132 895 1209 δούλων)

237 1241 359 1296 74-82
381 1237 454 1312 περὶ
477 1233 579 1314 οἰκίας
602 1235 668 1310 (καὶ
690 1233 947 1314 φιλανθρωπίας)

236 1340 275 1399 83
299 1357 364 1415 sqq.
390 1335 653 1414 περὶπολιτείας.

191 1457 271 1516 quae
297 1450 399 1498 tamen
430 1441 468 1496 ab
492 1441 558 1515 ipso
582 1450 706 1497 auctore
735 1441 857 1498 minime
882 1442 1004 1516 quidem
1037 1451 1097 1499 tam
1121 1443 1166 1500 di·

194 1544 304 1599 stincte
327 1541 529 1616 proferuntur.
563 1550 595 1597 ut
618 1543 788 1599 sententias
811 1539 884 1616 περὶ
907 1542 984 1602 θεοῦ
1010 1543 1166 1602 mittamus

192 1643 278 1716 (nam
294 1643 356 1700 non
372 1643 428 1699 nisi
445 1642 615 1717 fragmenta
631 1651 750 1699 servata
766 1637 860 1718 sunt),
876 1643 926 1716 qui
942 1660 965 1699 S.
982 1645 1078 1718 bsqq.
1102 1662 1166 1718 per·

192 1744 308 1820 legerit,
342 1744 475 1801 inveniet
508 1760 571 1800 non
604 1742 755 1818 simplices
795 1760 864 1800 esse
898 1745 1077 1818 sententias,
1109 1747 1166 1802 sed

191 1847 370 1920 scriptorem
398 1845 583 1920 generaliter
603 1860 745 1900 exorsum
765 1845 872 1902 similia
893 1843 1037 1900 similibus
1060 1844 1167 1901 mirum

190 1948 221 2003 in
245 1947 372 2003 modum
387 1946 544 2019 iniungere
569 1954 601 2000 et
624 1953 778 2020 tamquam
795 1945 886 2002 verbo
910 1945 1089 2002 adverbum
1111 1947 1166 2001 de·

190 2049 279 2118 duci;
306 2057 339 2104 ut
363 2064 436 2103 voce
465 2041 614 2120 ταράττει
641 2055 672 2102 et
694 2039 870 2118 ἀτρεμίζεις
892 2046 1043 2102 excitatur
1064 2045 1165 2118 imago

189 2149 276 2206 navis
291 2149 433 2205 fluctibus
450 2147 594 2222 agitatae,
611 2148 659 2203 cui
674 2146 821 2202 tortitudo
834 2147 864 2202 in
882 2145 960 2202 bello
978 2148 1165 2220 praestanda

190 2251 363 2325 opponitur.
409 2249 521 2306 deinde
543 2249 643 2323 pergit
665 2241 814 2321 ἀνδρεῖος
837 2243 899 2319 γὰρ
921 2245 987 2305 κτλ.
1011 2256 1042 2302 et
1064 2248 1166 2304 simili·

189 2361 235 2408 ter
258 2360 375 2408 ceteras
404 2351 531 2406 virtutes
563 2349 765 2422 persequitur,
797 2367 820 2406 S.
840 2350 877 2406 13
901 2357 1002 2404 autem
1026 2349 1069 2404 ita
1092 2367 1166 2405 con-

188 2453 281 2509 cludit
302 2461 336 2508 ut
358 2453 400 2506 ad
416 2469 439 2509 S.
459 2455 494 2508 11
513 2459 544 2506 et
570 2452 742 2508 tarantum
763 2448 915 2521 respicere
939 2450 1078 2506 videatur
1098 2447 1166 2527 (bo-

189 2555 248 2612 ξαν
271 2563 302 2608 et
324 2548 444 2624 τύχην),
470 2561 532 2606 tum
553 2567 575 2606 S.
596 2553 632 2608 14
655 2549 763 2606 relictis
787 2549 966 2622 ambagibus
989 2552 1166 2624 pronuntiat

190 2651 243 2727 Μὴ
258 2650 390 2714 πίστευε
414 2649 492 2731 τύχη
517 2649 568 2710 καί
587 2647 774 2725 πιστεύσεις
791 2651 864 2729 θεῷ.
888 2651 947 2707 iam
970 2646 1046 2725 τύχη
1071 2653 1165 2709 menti

189 2753 372 2812 inhaereret
388 2755 524 2826 sequitur
539 2773 562 2809 s.
583 2754 618 2810 15
633 2740 671 2810 ‘O
690 2747 768 2828 τύχῃ
793 2747 862 2824 βίος
877 2750 1163 2828 συμπεπλεγμένος

192 2849 277 2913 ἔοικε
301 2849 462 2928 χειμάρρῳ
477 2853 632 2930 ποταμῷ·
669 2847 720 2910 καί
736 2849 798 2925 γὰρ
813 2851 878 2910 κτλ.
918 2853 966 2909 cui
984 2855 1088 2910 statim
1111 2873 1163 2930 ap·

189 2957 276 3030 ponit
300 2954 411 3011 eadem
436 2955 595 3010 verborum
622 2963 772 3010 structura
796 2971 818 3011 S.
837 2957 873 3012 16
898 2950 988 3027 Ψυχὴ
1005 2949 1165 3028 ὁμιλοῦσα

190 3049 289 3132 ἀρετῇ
313 3047 365 3129 (ef.
393 3055 430 3112 13
454 3051 514 3129 ex.)
538 3049 642 3112 ἔοικεν
665 3049 793 3134 ἀεννὰιμ
815 3057 916 3134 marri·
941 3053 1075 3130 καὶγὰρ
1098 3055 1163 3115 κτλ.

190 3155 275 3210 vides
299 3172 361 3210 non
388 3156 555 3212 sententias
579 3171 648 3210 esse
670 3154 806 3230 florilegii
836 3157 864 3211 in
887 3159 1013 3213 modum
1037 3174 1164 3232 compo-

192 3256 266 3311 sitas
283 3265 336 3310 aut
352 3257 522 3312 secundum
539 3265 749 3329 argumentum
773 3257 949 3330 dispositas,
973 3259 1029 3314 sed
1047 3269 1079 3314 ut
1101 3259 1164 3315 dixi

191 3355 381 3428 aphorismos
410 3359 461 3430 qui
490 3377 551 3414 non
581 3359 749 3430 interrupto
781 3357 845 3413 sere
873 3357 922 3414 filo
944 3360 1163 3435 producuntur,

189 3467 283 3530 atque
317 3457 359 3514 ita
388 3469 420 3514 ut
447 3460 569 3533 saepius
597 3475 659 3514 nou
685 3475 733 3514 res
761 3459 818 3514 Sed
852 3460 973 3515 verbum
1006 3462 1163 3534 quoddam

189 3559 347 3632 proximae
370 3560 518 3632 originem
542 3559 672 3614 dederit.
711 3560 834 3632 longum
851 3571 897 3616 est
919 3562 1039 3634 singula
1062 3579 1163 3636 perse·

190 3661 249 3733 qni,
270 3677 365 3734 quare
379 3660 456 3716 inira
470 3661 603 3716 diductis
620 3660 728 3716 litteris
741 3663 833 3718 verba
849 3672 901 3717 aut
913 3664 1055 3720 notiones
1071 3664 1164 3721 inter·

190 3761 309 3816 medias
326 3763 472 3834 expressi,
496 3771 528 3816 ut
543 3761 642 3835 aliquo
664 3763 759 3818 modo
780 3763 981 3836 significarem
1005 3766 1162 3838 quomodo

189 3862 327 3934 singulae
351 3863 522 3918 sententiae
543 3864 621 3918 iuter
644 3879 676 3918 se
693 3863 889 3921 cohaereant.
935 3881 1034 3938 pauca
1057 3874 1160 3922 tamen

188 3972 261 4018 nota
294 3962 432 4036 digniora
468 3962 599 4028 afferam,
634 3973 735 4018 cetera
768 3965 797 4019 in
828 3964 908 4020 notis
936 3965 1160 4026 indicabuntur.

185 4083 210 4120 S.
237 4067 291 4122 20⁵
322 4065 420 4120 etsia
452 4063 587 4120 Stobaeu
616 4062 697 4121 Flor.
727 4065 771 4136 13,
794 4065 833 4124 35
864 4065 942 4121 inter
970 4065 1163 4142 Pythagorea

187 4165 348 4222 exhibetur
367 4165 488 4230 inserui,
512 4181 582 4220 narn
606 4165 770 4220 coniuncta
793 4173 840 4221 est
865 4183 932 4222 cum
957 4167 1034 4224 Flor.
1050 4171 1096 4235 13,
1114 4172 1162 4228 33.

187 4271 276 4326 34:
295 4285 318 4324 S.
340 4269 386 4326 19.
414 4267 462 4332 20,
499 4265 623 4321 verbum
657 4274 760 4321 autem
794 4260 899 4339 πάθος
931 4270 1015 4342 quod
1045 4271 1161 4339 incidit,

186 4387 294 4426 ansam
319 4369 404 4424 dedit
432 4385 455 4425 s,
474 4369 510 4424 21
537 4360 657 4424 Κόλαζε
687 4363 728 4424 τὰ
760 4361 845 4440 πάθη
879 4367 944 4427 κτλ.
989 4379 1022 4426 nt
1052 4371 1162 4430 lacuna

187 4487 267 4542 qnae
289 4479 355 4524 erat
379 4469 458 4524 inter
481 4465 587 4524 Cret
610 4469 628 4525 5
651 4469 712 4524 inm
739 4470 855 4544 optime
878 4470 1046 4544 expleatur.
1090 4479 1161 4543 post

185 4587 208 4627 S.
227 4572 275 4628 22.
298 4571 337 4626 23
361 4565 451 4643 (quas
474 4569 580 4642 genuit
602 4570 776 4626 recordatio
800 4587 822 4628 S.
849 4571 900 4640 11)
924 4587 1036 4641 τιονυιτιΙ
1057 4571 1160 4627 alitum

185 4671 268 4726 ducit
290 4679 320 4726 et
343 4670 527 4726 sollemniter
549 4686 659 4725 novam
682 4686 745 4724 rem
769 4670 946 4743 aggreditur
969 4689 991 4729 S.
1015 4677 1053 4728 24
1077 4656 1159 4733 'Eiti-

184 4773 257 4832 ταζε
280 4767 415 4846 σαυτόν,
443 4765 567 4844 πότερα
597 4768 750 4829 πλουτεῖν
778 4766 882 4844 θέλεις
915 4767 934 4843 ἢ
958 4769 1159 4846 εὐδαιμονεῖν

183 4873 259 4948 κτλ,
284 4882 316 4929 ut
338 4881 409 4948 post
430 4872 598 4928 sententias
622 4871 661 4928 de
681 4873 742 4928 deo
758 4873 817 4931 s.5
841 4873 900 4932 ine.
917 4869 1158 4947 Παραφύλαττε

184 4971 306 5034 σαυτὸν
340 4971 375 5034 ἐν
406 4970 501 5033 παντί
534 4974 580 5053 τῷ
615 4970 671 5051 βίιμ
704 4971 768 5031 κτλ.
813 4975 870 5029 sed
898 4974 1004 5032 harum
1035 4993 1158 5051 quoque

183 5079 403 5132 sententiarum
433 5075 519 5148 origo
547 5077 627 5132 inest
650 5074 681 5130 in
704 5091 728 5130 S.
755 5079 768 5131 1
796 5070 893 5149 Θεοῖς
917 5075 971 5135 θῦε
1001 5073 1041 5149 μὴ
1066 5073 1158 5150 ἡνίκα

184 5173 224 5236 ἂν
257 5172 454 5256 πλουτήσῃς,
489 5171 558 5234 ἀλλ’
589 5169 681 5247 ἡνίκα
710 5169 750 5233 ἂν
777 5173 957 5254 φρονήσῃς,
987 5173 1025 5236 τὸ
1054 5174 1156 5252 γὰρ..

184 5275 321 5351 φρονεῖν
343 5273 443 5351 μόνον
458 5272 542 5337 ἴδιον
565 5271 774 5350 εὐδαιμόνων.
810 5287 955 5332 secuntur
970 5278 1071 5351 largae
1087 5296 1156 5334 sen·

182 5377 298 5434 tentiae
328 5375 399 5452 περὶ
428 5373 571 5438 πλούτου
602 5387 634 5434 et
660 5379 700 5434 de
730 5377 893 5444 similibus,
931 5381 987 5435 sed
1018 5387 1049 5434 et
1072 5381 1156 5452 ipsae

184 5479 322 5553 quamvis
345 5487 409 5534 arte
439 5479 518 5535 inter
549 5495 583 5534 se
611 5481 794 5535 coniunctae
822 5479 891 5544 siut,
915 5478 1156 5553 aphorismorum

1220 732 1316 788 instar
1330 747 1436 787 omnes
1451 729 1651 804 proferuntur,
1670 738 1703 785 ut
1720 723 1906 801 κομματικοί
1918 723 2007 800 λόγοι
2021 744 2097 801 quos
2113 727 2190 785 dixit

1220 832 1389 906 Simplicius
1403 830 1680 908 Pythagoricorum.
1719 845 1843 886 caesura
1860 840 1942 886 certe
1958 838 2005 885 est
2021 829 2098 884 inter
2113 846 2137 886 S.
2151 831 2191 890 43

1218 941 1251 990 et
1266 934 1315 1003 44,
1332 932 1391 990 etsi
1408 931 1549 989 lacunam
1564 939 1697 988 statuere
1717 949 1778 986 non
1803 931 1913 999 aude0,
1937 948 2006 987 cum
2023 929 2191 988 Stobaeum

1219 1036 1272 1110 qni
1295 1042 1364 1108 post
1387 1051 1409 1092 S.
1422 1035 1462 1092 44
1486 1032 1610 1106 eclogas
1635 1027 1707 1106 περὶ
1721 1027 1830 1105 φιλίας
1853 1032 1992 1102 resecuit,
2016 1041 2087 1088 ante
2111 1049 2134 1091 S.
2150 1036 2190 1091 44

1220 1136 1279 1192 alia
1301 1135 1492 1192 transiluisse
1515 1151 1620 1208 parum
1635 1132 1792 1208 probabile
1814 1134 1868 1204 sit;
1892 1143 2050 1207 praeterea
2069 1143 2188 1206 προσο·

1220 1234 1372 1309 μιλοῦντα
1401 1235 1531 1293 sortasse
1560 1252 1629 1292 cnm
1652 1229 1788 1308 ὁμιλίαις
1816 1251 1839 1291 S.
1864 1235 1904 1292 42
1927 1231 2054 1289 conferri
2077 1241 2189 1308 potest.

1219 1347 1326 1394 contra
1345 1336 1430 1411 plura
1452 1337 1482 1392 in
1504 1334 1562 1392 hac
1576 1345 1661 1409 parte
1684 1335 1905 1392 interciderunt
1922 1335 1972 1392 ubi
1987 1335 2108 1408 integra
2122 1334 2190 1392 Sto·

1219 1439 1288 1495 baei
1313 1448 1455 1512 excerpta
1478 1437 1704 1508 desiderantnr3
1730 1435 1874 1493 nonnulla
1897 1444 1981 1492 certa
2005 1435 2114 1492 lacuna
2137 1437 2191 1492 ab·

1219 1549 1340 1614 sumpta
1370 1549 1441 1594 sunt
1463 1547 1535 1594 ante
1564 1555 1587 1594 S.
1613 1540 1663 1605 54,
1694 1538 1765 1611 quia
1788 1553 1883 1592 nexus
1907 1537 2044 1594 turbatus
2068 1547 2122 1595 est.
2160 1538 2192 1594 in

1220 1641 1419 1714 sequentibus
1444 1641 1528 1715 quod
1552 1657 1575 1698 S.
1598 1640 1721 1697 54-56
1744 1639 1913 1694 sententias
1935 1633 2008 1709 περί
2029 1633 2191 1696 δικαιοσύ-

1217 1757 1277 1816 νης
1302 1740 1454 1808 subiunxi,
1485 1742 1546 1796 iarn
1573 1740 1671 1812 magis
1702 1741 1793 1796 etiam
1821 1747 1947 1814 apparet
1969 1757 2017 1796 rne
2044 1748 2126 1796 reete
2148 1739 2190 1796 le·

1218 1843 1304 1900 cisse.
1351 1860 1440 1916 porro
1464 1859 1487 1901 S.
1502 1843 1540 1898 66
1565 1859 1630 1916 sqq.
1654 1860 1671 1898 a
1694 1841 1949 1915 praecedentibus
1973 1840 2104 1896 maxime
2127 1841 2189 1914 qui-

1217 1944 1287 2000 dem
1310 1943 1436 2018 distant,
1460 1944 1517 1999 sed
1535 1944 1626 1998 verba
1650 1943 1674 1998 si
1691 1941 1820 2016 respicio
1837 1927 2021 2014 Ἐλευθερία
2043 1937 2095 2000 καὶ
2117 1941 2190 2000 δου-

1219 2040 1298 2116 λεία,
1321 2040 1358 2102 τό
1383 2041 1440 2116 μὲν
1464 2042 1528 2102 κτλ.
1545 2045 1654 2117 quibus
1676 2059 1787 2099 novam
1811 2059 1873 2098 rem
1899 2060 1932 2098 Se
1949 2042 2080 2098 exordiri
2104 2041 2190 2116 qnasi

1218 2146 1283 2219 ipse
1297 2143 1461 2219 profitetur,
1478 2145 1632 2217 quaedam
1646 2144 1795 2201 excidisse
1816 2159 1878 2200 non
1895 2143 2115 2200 contenderim.
2139 2161 2189 2200 ce·

1218 2255 1315 2302 terum
1328 2255 1361 2303 ut
1372 2264 1396 2306 S.
1410 2247 1534 2306 Set-56
1551 2254 1581 2300 et
1599 2247 1721 2303 57-65
1737 2245 1777 2301 ad
1794 2261 1816 2303 S.
1834 2248 1866 2301 ll
1886 2244 2059 2319 respiciunt,
2074 2245 2114 2302 ita
2130 2244 2191 2300 for-

1221 2355 1300 2402 tasse
1324 2363 1347 2402 S.
1365 2348 1404 2404 66
1421 2343 1499 2420 τύχη
1523 2355 1555 2403 et
1577 2342 1766 2421 προαίρεσις
1789 2345 2018 2418 quodammodo
2042 2347 2082 2402 ad
2105 2365 2128 2404 S.
2153 2349 2189 2404 12

1217 2449 1358 2504 redeunt.
1403 2457 1467 2503 turn
1490 2467 1512 2505 S.
1530 2449 1569 2506 82
1590 2458 1621 2504 et
1641 2449 1680 2506 83
1704 2456 1735 2502 et
1755 2448 1794 2505 84
1818 2443 1956 2521 (Stobaei
1976 2443 2047 2519 περὶ
2070 2441 2189 2522 ἀρετῆς

1218 2547 1321 2604 ultima
1344 2558 1375 2603 et
1392 2545 1463 2622 περὶ
1477 2545 1640 2623 πολιτείας
1657 2567 1682 2604 c.
1700 2551 1739 2606 45
1759 2559 1788 2604 et
1804 2549 1843 2606 46
1859 2542 1988 2622 primae)
2003 2565 2095 2622 quarn
2112 2549 2190 2605 bene

1216 2650 1399 2705 conveniant
1429 2667 1520 2724 Supra
1551 2651 1689 2722 exposui,
1720 2651 1749 2706 in
1785 2649 1893 2706 eadem
1920 2659 2022 2706 autem
2057 2649 2189 2723 imagine

1216 2767 1322 2806 omnes
1340 2759 1505 2808 versantur.
1543 2751 1618 2806 ultra
1642 2769 1665 2808 S.
1682 2753 1720 2807 63
1739 2751 1864 2806 Stobaei
1882 2759 2026 2823 excerpta
2049 2767 2109 2806 non
2133 2752 2187 2808 ad·

1216 2861 1295 2920 sunt,
1323 2852 1377 2908 sed
1405 2851 1490 2926 plura
1522 2853 1586 2907 sine
1616 2851 1709 2908 dubio
1734 2851 1865 2920 suerunt,
1894 2860 1987 2924 atque
2011 2851 2035 2908 h]
2061 2853 2097 2909 16
2130 2852 2188 2908 etsi

1215 2969 1277 3008 non
1301 2953 1357 3026 ipsi
1380 2971 1403 3010 S.
1422 2954 1460 3012 93
1484 2952 1676 3008 subiunctam
1699 2953 1827 3009 dixerim
1850 2961 1952 3009 tamen
1976 2951 2059 3007 haud
2082 2953 2188 3026 procul

1215 3055 1253 3110 ab
1276 3071 1313 3110 ea
1336 3053 1450 3110 aluisse
1472 3053 1691 3112 affirmaverim.
1728 3071 1805 3127 quae
1828 3061 1943 3110 restant
1959 3053 2061 3127 qualia
2078 3053 2188 3111 suerint

1215 3162 1246 3210 et
1271 3154 1380 3227 quibus
1404 3155 1492 3212 rebus
1524 3163 1621 3210 totum
1643 3154 1874 3228 gnomologinm
1900 3153 2034 3224 finiverit,
2065 3172 2187 3230 prorsus

1215 3255 1376 3323 incertum,
1414 3257 1557 3330 quoniam
1586 3256 1626 3310 ad
1656 3253 1735 3310 hanc
1768 3254 1977 3327 quaestionem
2008 3255 2188 3312 solvendam

1214 3355 1240 3412 li
1260 3358 1379 3414 1ῑ-25
1398 3356 1499 3430 aliqua
1518 3373 1587 3411 cum
1603 3356 1823 3429 probabilitatis
1839 3356 1942 3432 specie
1958 3357 1999 3414 uti
2022 3375 2083 3413 non
2107 3357 2186 3418 licet.

1257 3467 1364 3514 auctor
1397 3457 1463 3533 quis
1495 3457 1585 3514 fuerit
1613 3457 1735 3514 difficile
1766 3459 1849 3514 dictu
1881 3470 1936 3517 est.
1982 3460 2020 3514 ab
2042 3457 2186 3532 Epicteto

1215 3558 1292 3615 haec
1307 3577 1430 3633 prorsus
1449 3559 1549 3616 aliena
1564 3577 1643 3627 esse,
1666 3563 1713 3616 vix
1737 3560 1884 3634 estquod
1906 3576 2066 3632 moneam3
2089 3578 2186 3634 quau-

1217 3670 1279 3716 tum
1302 3661 1462 3735 Epictetus
1484 3671 1666 3735 personatus
1689 3663 1728 3718 ab
1753 3662 1803 3718 illo
1826 3663 1929 3729 distet,
1952 3663 2095 3736 exemplo
2118 3679 2188 3718 esse

1215 3773 1346 3836 possunt
1375 3780 1398 3820 S.
1418 3765 1500 3820 2-4
1525 3762 1593 3819 coll.
1617 3763 1716 3837 Epict.
1741 3763 1773 3824 fr,
1799 3766 1835 3822 17
1862 3761 1991 3820 Schenkl
2022 3759 2120 3838 (Stob.
2143 3763 2187 3821 Fl.

1213 3866 1242 3931 4,
1258 3865 1298 3922 32
1320 3862 1386 3934 llll),
1412 3881 1435 3922 S.
1452 3866 1490 3924 32
1515 3865 1581 3922 coll.
1605 3863 1638 3922 lr.
1658 3865 1694 3921 18
1719 3860 1817 3939 (Stob.
1844 3863 1886 3923 Fl.
1909 3867 1938 3936 4,
1958 3865 1997 3922 93
2019 3860 2085 3940 λλ),
2108 3883 2129 3925 S.
2146 3866 2184 3923 41

1213 3965 1279 4024 coll.
1299 3965 1330 4022 fr.
1344 3967 1383 4024 25
1406 3963 1505 4039 (Stob.
1525 3965 1567 4023 Fl.
1586 3967 1633 4032 20,
1651 3968 1687 4024 67
1706 3961 1762 4040 Μ.)
1786 3965 1822 4023 cf.
1837 3965 1971 4022 Schenkl
1993 3967 2042 4020 die
2063 3967 2186 4038 epictet.

1214 4066 1332 4140 Fragm.
1352 4085 1381 4140 p.
1401 4067 1439 4122 14
1460 4076 1490 4122 et
1505 4066 1606 4139 Epict.¹
1619 4084 1647 4139 p.
1661 4068 1731 4138 461,
1755 4076 1784 4122 et
1804 4067 1902 4140 magis
1919 4067 2011 4122 etiam
2027 4066 2186 4141 apparebit

1213 4186 1249 4223 ex
1274 4166 1432 4224 Schenkeli
1461 4167 1562 4223 indice
1584 4166 1754 4242 Epictete0.
1799 4183 1901 4242 neque
1934 4169 1973 4223 de
2000 4167 2185 4225 Moschionis

1215 4271 1339 4325 nomine
1363 4277 1447 4325 certa
1471 4267 1604 4342 prolerre
1628 4268 1699 4324 licet
1721 4264 1771 4338 (cf.
1788 4268 1945 4326 Fabricius
1969 4267 2042 4326 Bibl.
2059 4265 2186 4327 Graec.1

1217 4372 1266 4447 12,
1293 4370 1363 4436 705,
1386 4369 1518 4426 Bandini
1548 4369 1634 4428 catal.
1665 4369 1736 4427 bibl.
1761 4369 1850 4426 Laur.
1877 4375 1903 4434 l,
1927 4371 1997 4438 532,
2030 4371 2186 4427 Larnbecii

1215 4479 1378 4529 comment.
1393 4470 1466 4529 bibl.
1480 4467 1630 4530 λῘίιιιίοίι.2
1641 4469 1746 4543 5338,
1757 4468 1888 4546 Joecher
1898 4469 2185 4529 Gelehrtenlexicon

1212 4572 1269 4628 sub
1295 4572 1426 4638 nomine,
1450 4571 1593 4629 illeineke
1617 4572 1684 4629 Ber.
1703 4579 1732 4630 n.
1750 4573 1779 4630 d.
1796 4571 1886 4630 Verh.
1907 4572 1936 4629 d.
1957 4571 2055 4630 Akad.
2078 4571 2184 4634 Berlin.

1214 4673 1303 4746 1855,
1329 4673 1399 4741 239,
1424 4671 1622 4729 lVachsmuth
1647 4672 1781 4730 Studien·
1797 4691 1826 4747 p.
1847 4669 1929 4746 129).
1973 4683 2109 4730 aetatem
2131 4673 2184 4730 ali·

1212 4791 1273 4848 quo
1303 4775 1397 4830 modo
1436 4774 1683 4832 circumscribere
1711 4775 1815 4832 liceret
1846 4775 1870 4831 si
1898 4791 1975 4848 quos
2004 4775 2053 4831 ille
2084 4775 2185 4832 fontes

1211 4876 1275 4932 sive
1297 4885 1439 4932 auctores
1456 4875 1630 4932 adhibuerit
1652 4876 1772 4932 definiri
1794 4884 1914 4949 posset;
1939 4875 2019 4932 velut
2041 4877 2070 4932 in
2090 4877 2183 4934 Sexto

1209 4987 1257 5032 est
1283 4977 1333 5032 ubi
1363 4977 1496 5050 priorum
1524 4978 1789 5052 gnomologiorum
1814 4976 1940 5050 vestigia
1969 4993 2183 5050 recognoscere,

1209 5077 1265 5133 sed
1289 5079 1318 5132 in
1337 5077 1506 5151 lipieteteis
1522 5078 1592 5134 mihi
1616 5095 1678 5135 non
1700 5077 1826 5151 contigit
1846 5084 1879 5133 ut
1902 5077 1972 5134 talia
1996 5079 2181 5151 detegerem.

1209 5187 1292 5233 certe
1315 5176 1410 5234 multa
1434 5177 1550 5234 habent
1573 5195 1653 5253 quae
1673 5188 1746 5252 apte
1769 5195 1836 5234 cum
1859 5177 1954 5234 Sexto
1976 5189 2008 5234 et
2031 5177 2184 5252 Pythago-

1208 5278 1276 5335 ricis
1301 5277 1508 5346 conserantur,
1532 5281 1589 5336 sed
1611 5280 1733 5336 minime
1756 5280 1800 5336 eis
1825 5273 1908 5336 ‘cum
1924 5279 2006 5336 Sexti
2022 5281 2183 5337 sententiis

1209 5378 1360 5452 permulta
1392 5389 1462 5436 sunt
1493 5365 1685 5436 communia'
1717 5381 1772 5436 nisi
1807 5382 1846 5438 ad
1877 5381 2014 5454 vulgaria
2052 5382 2182 5438 descen-

1210 5479 1278 5552 ctas,
1313 5481 1404 5536 immo
1434 5481 1562 5536 alterum
1589 5481 1677 5537 alteri
1708 5483 1748 5537 ad
1771 5499 1880 5538 manus
1914 5479 2004 5538 luisse
2036 5484 2184 5540 audacter

1967 5577 1983 5612 ι)
