5046 6802
1391 633 1409 696 8

398 838 472 876 nam
496 835 565 876 cum
593 821 623 876 in
646 817 671 875 C
691 819 791 878 1—67
815 837 894 893 quae
917 820 948 876 in
971 820 996 876 E
1019 831 1173 878 recurrant
1196 824 1213 880 6
1237 823 1306 887 sint,
1343 823 1374 880 in
1425 821 1565 878 diversae
1598 831 1670 878 sunt
1703 823 1847 899 syllogae‚
1882 825 1939 882 sed
1972 824 2061 880 unius
2094 827 2285 900 gnomologii
2319 829 2403 888 varie
2504 825 2506 862 ί

402 921 437 978 iis
461 938 541 995 quae
562 921 641 977 inter
663 919 687 977 C
708 921 747 978 at
771 930 802 976 et
825 923 864 978 28
887 931 1030 996 excerpta
1053 933 1124 979 Sunt
1144 932 1178 978 ut
1200 923 1229 978 in
1253 923 1375 998 Eclogis
1424 921 1562 994 exempla
1593 923 1657 978 sive
1689 925 1885 983 recensiones
1915 925 2002 982 variis
2028 925 2197 984 rationibus
2228 946 2266 984 ex
2288 931 2401 987 eodem

402 1022 624 1078 collocarentur
650 1023 665 1080 t
692 1020 754 1077 lere
778 1031 849 1078 sunt
870 1018 942 1096 περὶ
967 1019 1077 1096 φιλίας
1100 1033 1132 1080 et
1161 1041 1241 1098 quae
1264 1041 1374 1098 cogna·
1424 1022 1508 1078 sonte
1534 1023 1699 1083 derivatae.

402 1132 454 1180 tae
477 1131 548 1179 Sunt
570 1121 713 1198 eclogae;
737 1121 847 1180 cumD
872 1133 992 1180 tantum
1018 1127 1229 1198 4servaverit,
1253 1128 1374 1199 plasto
1466 1141 1534 1182 cum
1557 1126 1583 1181 E
1607 1127 1843 1202 coniungendas
1867 1127 2001 1200 denique
2025 1137 2072 1186 est
2091 1128 2253 1204 Maximus,
2278 1130 2329 1204 qui
2350 1131 2403 1188 ubi
2504 1123 2506 1158 ³

402 1223 474 1279 olim
504 1223 598 1280 luisse
620 1224 815 1299 probabiliter
849 1224 1023 1291 conieceris,
1058 1242 1184 1299 quarum
1218 1229 1375 1301 specimen
1423 1226 1556 1300 Epicteti
1596 1229 1719 1283 nomine
1742 1239 1861 1284 nostras
1887 1230 2053 1287 sententias
2078 1231 2175 1299 affert,
2204 1230 2402 1289 Stobaeanae

402 1325 529 1399 aliquod
551 1326 581 1381 in
606 1324 634 1380 D
652 1325 732 1383 5-8
756 1326 1011 1398 recuperavimus.
1049 1343 1086 1382 ex
1110 1327 1218 1384 ceteris
1242 1329 1375 1402 singulas
1424 1339 1493 1384 sunt
1524 1330 1575 1398 (ex
1609 1329 1798 1386 collectionis
1827 1327 2003 1386 Parisiensis
2030 1332 2164 1405 epitome
2193 1331 2318 1390 Stobaei
2346 1334 2402 1389 de-

401 1425 526 1500 quidem
542 1425 710 1482 sententias
730 1426 770 1482 ad
793 1435 876 1482 certa
900 1426 1001 1499 capita
1024 1422 1109 1501 (περί
1131 1425 1288 1503 εὐδοξίας,
1303 1427 1375 1506 περὶ
1423 1424 1561 1504 ductae),
1583 1431 1634 1486 ubi
1650 1429 1849 1506 lloschionis,
1871 1430 2010 1488 eiusdem
2034 1442 2081 1488 est
2104 1433 2296 1490 collectionis
2320 1431 2401 1490 Pari·

400 1523 511 1601 φήμης
535 1527 614 1596 sim.)
638 1526 724 1584 facile
750 1527 907 1595 rettuleris,
933 1528 989 1583 sed
1005 1527 1138 1585 Stobaeo
1156 1530 1237 1588 hunc
1259 1549 1374 1589 morem
1425 1531 1532 1588 Siensis
1554 1548 1625 1605 pars
1649 1531 1699 1586 illa
1722 1547 1813 1604 quam
1835 1531 1860 1586 E
1884 1530 2122 1605 designavimus.
2162 1543 2256 1608 atque
2278 1553 2346 1592 cum
2369 1535 2400 1590 in

401 1647 464 1684 non
487 1627 578 1684 fuisse
603 1627 732 1684 vidimus
747 1635 780 1683 ut
797 1627 963 1684 sententias
975 1629 1174 1704 discerperet.
1209 1634 1251 1689 ita
1273 1650 1374 1707 neque
1424 1630 1603 1688 Moschione
1627 1632 1653 1687 E
1679 1648 1773 1688 unum
1802 1631 1913 1688 ducem
1945 1645 2129 1707 sequeretur·
2151 1628 2204 1709 (cf.
2227 1636 2270 1690 ad
2294 1652 2317 1692 S.
2335 1635 2402 1708 29),

401 1747 424 1787 S.
446 1731 463 1786 8
487 1745 552 1803 sqq.
577 1727 606 1783 in
628 1729 788 1802 Florilegio
814 1730 975 1802 exscripsit
997 1748 1099 1805 neque
1126 1750 1149 1790 S.
1169 1737 1206 1790 lt
1230 1735 1294 1794 sim,
1315 1735 1374 1790 inl
1424 1732 1534 1787 accidit
1564 1742 1597 1786 ut
1622 1741 1653 1788 et
1681 1742 1823 1806 excerpta
1851 1733 1961 1790 eadem
1990 1745 2142 1808 repeteret
2170 1747 2201 1792 et
2229 1736 2323 1792 verba
2345 1736 2400 1808 (cf.

401 1831 504 1903 capii
528 1826 599 1903 περὶ
621 1825 720 1903 τύχης
743 1847 845 1904 neque
861 1847 885 1888 S.
903 1833 942 1888 53
967 1827 1040 1906 (Eu
1064 1849 1142 1906 quae
1166 1852 1233 1890 cum
1259 1835 1374 1910 eclogia
1423 1833 1463 1886 ad
1478 1851 1500 1890 S.
1514 1827 1566 1908 32)
1590 1843 1621 1888 et
1642 1834 1782 1889 ordinem
1806 1844 1926 1890 teneret
1950 1853 2040 1908 quem
2064 1837 2221 1892 innovavit
2244 1836 2279 1902 li,
2302 1837 2344 1892 lta
2367 1846 2401 1892 ut

401 1933 441 1988 de
464 1931 597 1988 amicitia
620 1931 818 1986 verisimiliter
842 1932 1007 1988 coniuncta
1036 1931 1114 2004 erat)
1138 1933 1167 1989 in
1191 1935 1220 1990 Il
1245 1954 1309 2010 cap,
1333 1939 1372 1994 16
1423 1933 1453 1987 in
1468 1932 1594 2006 singulis
1611 1934 1760 2010 capitibus
1774 1951 1839 1990 cum
1858 1933 1883 1989 l:
1900 1946 2092 2008 congrueret,
2116 1946 2224 1994 contra
2240 1937 2402 2012 antiquam

397 2027 681 2106 περλάχαριστίας,
717 2033 851 2108 denique
864 2049 970 2089 eorum
986 2051 1065 2108 quae
1080 2037 1372 2097 restantElh-25
1423 2051 1495 2090 vero
1528 2035 1637 2090 seriem
1670 2045 1820 2109 peccaret,
1856 2035 1892 2094 cl.
1927 2034 2010 2093 Max.
2040 2053 2106 2110 cup.
2135 2036 2243 2095 δι’-Ε
2267 2038 2294 2094 3.
2316 2040 2346 2094 4.
2370 2039 2399 2096 5.

399 2151 499 2207 neque
523 2135 654 2190 numeris
680 2151 780 2206 neque
812 2145 994 2208 argumento
1023 2137 1133 2192 abutar
1160 2139 1200 2193 ad
1232 2138 1373 2212 plenioris

401 2233 591 2308 gnomologii
615 2235 743 2292 formam
766 2235 985 2308 refingendam,
1007 2255 1074 2293 cum
1091 2255 1192 2314 neque
1208 2241 1282 2296 satis
1300 2257 1372 2296 con·

402 2346 462 2393 stet
486 2338 526 2392 de
549 2336 595 2394 his
618 2338 732 2412 eclogis
755 2347 786 2392 et
809 2338 833 2392 sl
856 2355 919 2394 rem
943 2348 1116 2412 spectamus
1137 2341 1168 2396 in
1181 2339 1373 2415 Florilegium

402 2439 505 2513 potius
529 2439 642 2494 cadant
665 2440 749 2512 quod
772 2439 919 2513 integrum
942 2439 982 2494 ad
1003 2457 1060 2496 nos
1083 2441 1229 2514 pervenit.

442 2539 466 2594 F
490 2539 688 2612 cognovimus
715 2537 918 2612 fragmentum
947 2527 1015 2598 esse
1043 2558 1081 2596 ex
1103 2541 1290 2614 gnomologii
1317 2543 1373 2598 iui-

399 2639 443 2696 tio
460 2650 623 2715 sumptum,
644 2639 809 2696 Stobaeum
826 2643 1013 2714 repperimus
1030 2650 1126 2698 totum
1141 2643 1371 2716 gnomologium

398 2741 542 2798 habuisse
564 2749 596 2797 et
624 2758 677 2815 per
703 2757 801 2814 pauca
828 2743 929 2816 capita
956 2745 1149 2800 distributum
1173 2743 1372 2818 descripsisse

398 2837 482 2918 (licet
497 2841 592 2898 multa
605 2842 761 2899 codicibus
777 2842 922 2900 mutilatis
934 2841 1100 2918 perierint),
1117 2852 1211 2900 restat
1227 2855 1259 2899 ιιι
1275 2861 1372 2918 quae-

396 2961 498 3001 ramus
522 2959 585 3018 quo
608 2943 703 2999 modo
727 2943 752 2998 E
775 2953 806 2998 et
829 2944 880 3017 qui
898 2945 1036 3002 eiusdem
1058 2954 1105 3002 est
1128 2944 1258 3001 familiae
1276 2945 1372 3001 hlaxi·

397 3063 464 3102 mus
498 3047 529 3102 in
563 3046 758 3120 excerpendo
791 3044 971 3102 Moschione
1011 3055 1148 3104 versatus
1182 3047 1229 3103 sit.
1279 3055 1371 3122 atque

396 3147 447 3208 ille
474 3149 598 3224 quidem
627 3148 749 3222 singulis
779 3146 939 3204 sententiis
967 3146 1036 3203 hinc
1063 3147 1142 3203 illinc
1169 3146 1312 3203 delibatis
1340 3157 1372 3203 et

397 3267 452 3325 per
485 3251 637 3325 duplicem
669 3245 746 3325 (sive
775 3241 934 3324 triplicem)
970 3249 1125 3322 epitomen
1157 3247 1306 3321 excerptis
1339 3265 1370 3302 re

398 3367 469 3406 vera
485 3349 661 3422 florilegium
675 3349 813 3406 condidit
836 3359 867 3406 et
889 3349 1026 3422 syllogen
1042 3357 1105 3406 tarn
1128 3365 1238 3405 novam
1260 3348 1370 3416 effecit,

396 3460 431 3508 ut
453 3451 599 3526 pristinae
631 3450 747 3508 formae
775 3468 814 3506 ne
845 3451 980 3525 speciem
1008 3449 1131 3524 quidem
1161 3462 1212 3506 aut
1242 3451 1370 3523 vestigia

399 3569 563 3627 agnoscas,
602 3569 662 3626 quo
688 3550 801 3607 lactum
822 3561 918 3608 estut
940 3569 1009 3624 eg.
1027 3551 1053 3608 E
1072 3551 1244 3622 12=D5,
1261 3551 1369 3610 Εἴτε

398 3651 1369 3728 D8;E8=F6,E2=Flh';1⁴29-ll=Cl3-27,

400 3755 425 3811 E
442 3757 459 3812 7
477 3777 513 3802 ==
533 3752 619 3830 C36,
645 3753 692 3808 vel
715 3762 749 3808 ut
771 3771 808 3808 ea
831 3752 940 3825 qulbus
957 3753 1038 3808 idem
1055 3763 1267 3826 argumentum
1292 3763 1370 3809 trac-

399 3865 480 3914 tatur
503 3855 621 3912 divulsa
643 3855 702 3910 Sint
725 3864 759 3910 ut
780 3851 852 3928 περὶ
874 3849 984 3928 φιλίας
1007 3853 1097 3911 Ε11.
1123 3856 1160 3911 12
1183 3863 1213 3910 et
1236 3853 1367 3922 E3—5,

398 3957 480 4015 El4
501 3966 531 4012 et
552 3958 589 4014 23
620 3952 785 4030 (Siquidem
814 3955 892 4011 haec
923 3955 995 4010 olim
1029 3955 1192 4011 coniuncta
1224 3954 1367 4028 luerunt).

1425 2133 1511 2188 12:
1527 2150 1550 2191 S.
1566 2133 1615 2190 48.
1634 2137 1682 2190 411.
1704 2137 1752 2192 50.
1776 2136 1814 2192 te
1838 2133 1931 2200 (Max.
1949 2153 2014 2210 cap.
2031 2137 2048 2193 8
2063 2137 2139 2192 :1⁴2
2157 2139 2184 2197 ti.
2209 2139 2246 2194 14
2258 2159 2297 2184 =
2310 2156 2333 2197 S.
2349 2141 2402 2199 53.

1423 2235 1478 2304 523
1495 2232 1577 2290 Max.
1591 2251 1656 2308 cap.
1673 2235 1802 2292 12:13
1822 2236 1866 2293 10.
1884 2236 1922 2292 23
1935 2257 1973 2283 =
1987 2254 2011 2291 S.
2029 2238 2077 2296 32.
2100 2239 2149 2294 101
2171 2239 2239 2296 coll.
2257 2240 2297 2295 24
2307 2237 2401 2314 sqq).

1463 2335 1525 2390 iam
1552 2333 1683 2407 Epicteti
1717 2353 1769 2390 seu
1799 2333 1985 2392 hloschionis
2016 2338 2216 2410 gnomologio
2250 2338 2331 2396 omni
2359 2357 2400 2395 ex

1423 2445 1509 2508 parte
1531 2436 1562 2492 ni
1578 2434 1665 2491 fallor
1683 2435 1809 2492 feliciter
1824 2438 1976 2510 restituto,
2001 2438 2145 2511 quoniam
2160 2455 2260 2514 neque
2277 2441 2317 2495 de
2333 2441 2398 2496 uni-

1422 2544 1486 2591 tate
1503 2537 1605 2609 operls
1622 2553 1722 2610 neque
1743 2537 1784 2593 de
1800 2538 1908 2595 ordine
1925 2538 2058 2595 dubitari
2073 2550 2189 2613 potest,
2212 2541 2351 2615 sequitur
2366 2550 2401 2598 ut

1422 2636 1462 2690 du
1487 2647 1613 2693 auctore
1634 2647 1728 2712 atque
1744 2639 1967 2711 compositione
1982 2640 2057 2714 quid
2077 2641 2273 2696 statuendum
2295 2641 2398 2697 videa-

1423 2745 1470 2792 tur
1493 2753 1693 2810 exponamus.
1738 2748 1830 2812 atque
1854 2739 1878 2794 si
1902 2757 1965 2795 rem
1988 2752 2164 2814 spectamus
2186 2761 2211 2799 e.
2228 2759 2257 2814 g.
2282 2743 2311 2798 in
2328 2742 2400 2798 Sto·

1422 2837 1490 2892 hael
1516 2839 1616 2911 caphe
1639 2835 1712 2911 περὶ
1734 2835 1852 2913 ἀρετῆς
1884 2840 1981 2896 varias
2010 2854 2112 2914 partes
2137 2841 2225 2898 facile
2248 2843 2395 2917 distingui

1421 2937 1481 2992 iam
1507 2936 1656 2994 Henricus
1687 2939 1814 2996 Schenkl
1843 2941 1907 3014 (die
1936 2940 2059 3014 epiktet.
2092 2943 2274 3015 Fragmente
2298 2962 2326 3018 p.
2344 2945 2399 3013 10>

1421 3039 1576 3112 perspexit
1597 3039 1654 3095 etsi
1671 3041 1801 3097 universi
1821 3041 2010 3115 gnomologii
2033 3043 2192 3116 dispositio
2215 3062 2286 3101 eum
2309 3044 2396 3118 fuge·

1420 3147 1476 3195 rat.
1513 3149 1653 3194 naturam
1680 3149 1784 3196 tamen
1815 3149 1906 3214 atque
1934 3142 2070 3199 indolem
2093 3145 2194 3217 operis
2218 3163 2281 3202 non
2302 3145 2397 3219 plane

1421 3251 1580 3295 assecutus
1604 3251 1667 3311 est;
1700 3251 1781 3298 corte
1804 3242 1889 3315 quod
1911 3261 1979 3300 esse
2002 3245 2078 3300 dixit
2101 3262 2130 3320 p.
2151 3246 2186 3300 13
2210 3237 2293 3300 ‘eine
2317 3243 2396 3301 nach

1421 3337 1594 3396 sachlichen
1611 3341 1767 3398 Rubrilren
1783 3345 1956 3416 geordnete
1973 3344 2320 3418 Sentenzensammlung
2340 3363 2395 3400 un-

1421 3449 1467 3496 ter
1486 3441 1557 3496 dem
1572 3439 1691 3498 Namen
1714 3444 1770 3498 des
1786 3429 1926 3517 lipilrtet’
1950 3463 2041 3520 quam
2058 3447 2088 3502 in
2110 3447 2211 3520 capita
2228 3446 2397 3502 discribere

1421 3551 1549 3598 conatus
1572 3551 1628 3612 est,
1651 3559 1714 3598 non
1737 3544 1811 3600 satis
1835 3556 1907 3618 apte
1925 3546 2040 3604 dictum
2063 3559 2121 3606 est.
2167 3566 2237 3604 nam
2260 3566 2322 3604 ιιοιι
2346 3558 2396 3602 est

1420 3641 1598 3716 llorilegiurn
1616 3645 1836 3702 sententiarum
1852 3647 1988 3720 undique
2012 3649 2199 3722 decerptum,
2223 3650 2281 3704 sed
2304 3648 2394 3704 unius

1419 3743 1553 3798 auctoris
1582 3753 1652 3798 Sunt
1683 3744 1855 3818 aphorismi,
1889 3764 1990 3821 neque
2021 3751 2189 3805 secundum
2219 3750 2322 3824 capita
2354 3751 2395 3806 ab

1419 3853 1544 3900 auctore
1567 3845 1728 3912 distributi,
1752 3849 1808 3902 scd
1831 3848 1926 3903 altera
1949 3849 2102 3904 sententia
2125 3849 2273 3906 exalterat
2297 3850 2395 3904 ducta

1419 3955 1465 4000 est
1489 3953 1522 3999 ut
1540 3957 1696 4019 tamquam
1719 3946 1801 4003 lilum
1824 3964 1885 4023 quo
1902 3966 2009 4004 omnes
2030 3949 2108 4004 inter
2130 3966 2164 4004 se
2187 3958 2394 4006 conectuntur

400 4058 834 4132 necsolumpaucaseasque
857 4056 1010 4112 breviores
1035 4055 1136 4130 elegit,
1159 4057 1215 4112 sed
1237 4055 1369 4111 etiame
1418 4061 1542 4101 Cernere
1568 4047 1674 4118 possis.
1722 4065 1782 4121 quo
1813 4049 1921 4105 ordine
1947 4050 2119 4124 procedant
2152 4057 2185 4105 ut
2218 4049 2395 4127 summatim

399 4167 544 4216 contextu
566 4158 656 4212 solvit
677 4156 757 4213 velut
775 4175 798 4216 s,
817 4157 856 4214 10
870 4175 908 4212 ex
924 4174 946 4214 s,
964 4155 1075 4230 8-13,
1097 4173 1135 4211 ex
1152 4173 1174 4213 s,
1191 4157 1228 4213 71
1252 4155 1368 4212 initium
1417 4144 1714 4220 comprehendamus
1732 4149 1823 4205 titulis
1841 4148 2001 4208 Schenkeli
2021 4148 2168 4207 similibus
2180 4159 2320 4217 utamur,
2345 4166 2395 4206 or·

396 4255 446 4336 (cs.
463 4277 487 4316 S.
502 4254 567 4335 tt),
590 4275 627 4314 ex
644 4275 667 4316 s.
681 4259 720 4316 30
742 4259 877 4315 ultimam
899 4267 1018 4332 partem
1042 4257 1201 4329 excerpsit,
1225 4265 1318 4331 atque
1335 4266 1369 4312 ut
1417 4247 1521 4302 dinem
1553 4248 1649 4304 secuti
1677 4266 1769 4321 quem
1796 4268 1888 4324 supra
1914 4251 2137 4326 indagavimus.
2182 4260 2252 4306 sunt
2287 4260 2394 4306 autem

396 4379 476 4416 nunc
500 4361 530 4415 in
551 4361 576 4416 E
600 4360 749 4433 leguntur,
775 4370 806 4414 et
830 4357 974 4416 El—ta
998 4368 1029 4413 et
1047 4359 1167 4416 13-25
1192 4375 1299 4413 ornnes
1324 4369 1367 4414 ta·

395 4462 455 4517 lem
478 4462 613 4535 Speciem
635 4478 708 4535 prae
731 4477 764 4516 se
785 4460 886 4516 ferunt
911 4467 943 4514 ut
966 4460 1063 4532 primo
1089 4458 1198 4514 obtutu
1220 4457 1279 4513 hae
1302 4459 1367 4532 qui·

395 4561 467 4618 dem
485 4562 524 4618 ab
541 4560 683 4636 Epicteto
701 4563 817 4618 alienae
834 4561 1010 4628 videantur;
1033 4561 1088 4616 sed
1105 4559 1258 4614 breviores
1275 4560 1366 4615 etiam

395 4681 422 4723 e.
436 4681 464 4737 g.
480 4665 652 4719 sententiae
668 4661 740 4736 περί
756 4656 963 4733 δικαιοσύνης
980 4670 1058 4728 sunt,
1081 4669 1112 4716 et
1132 4659 1259 4716 sormam
1282 4676 1367 4716 coar·

395 4775 489 4821 tatum
514 4774 675 4838 excerptor
704 4763 857 4820 reddidit:
889 4763 961 4836 quid
985 4763 1023 4818 sit
1045 4779 1097 4817 cur
1119 4762 1157 4817 ab
1181 4771 1306 4818 auctore
1329 4780 1367 4818 ea

391 4865 603 4923 abiudicemus
623 4865 663 4921 ad
680 4882 703 4924 S.
720 4867 759 4922 95
778 4865 989 4923 declarabitur.
1016 4864 1088 4918 item
1105 4865 1197 4919 verba
1212 4863 1366 4919 interdum

393 4967 521 5020 mutavit
548 4975 579 5020 ut
604 4965 662 5022 hac
684 4983 807 5041 quoque
831 4983 863 5022 re
886 4965 911 5020 E
934 4963 992 5022 aC
1014 4963 1132 5036 longius
1157 4963 1250 5019 distet
1273 4980 1364 5037 quam

394 5066 429 5141 F,
452 5065 490 5124 cf.
515 5067 556 5122 ad
579 5084 601 5125 S.
630 5071 673 5134 tu,
698 5076 729 5123 et
752 5085 774 5125 s,
796 5069 835 5125 32
860 5084 927 5123 cum
951 5067 1097 5122 breviatio
1118 5064 1217 5120 minus
1240 5065 1364 5120 cederet

393 5177 563 5222 monstrum
588 5168 699 5245 evasit3
728 5185 913 5242 quamquam
941 5169 970 5224 in
993 5168 1059 5240 ipso
1083 5183 1205 5241 quoque
1227 5165 1363 5222 Stobaeo

393 5267 477 5324 haud
503 5268 603 5325 minus
623 5269 766 5326 differunt
788 5270 912 5326 codices
935 5279 967 5325 et
982 5266 1164 5324 Trincavelli
1184 5266 1290 5341 editio,
1314 5267 1365 5323 ubi

392 5369 486 5425 multa
502 5369 644 5426 consulto
667 5379 698 5426 et
715 5371 861 5428 audacius
877 5379 993 5426 mutata
1007 5379 1086 5428 sunt.
1130 5385 1208 5442 quae
1231 5369 1256 5424 si
1281 5384 1363 5423 com-

390 5471 606 5544 putaverimuS,
631 5473 781 5548 quidquid
802 5481 851 5528 est
866 5488 918 5528 cur
934 5472 1014 5544 apud
1030 5469 1197 5527 Stobaeum
1211 5470 1363 5544 EpictetO,

387 5573 418 5629 in
450 5575 557 5629 ceteris
588 5571 819 5631 collectionibus
852 5571 1023 5628 Moschioni
1060 5573 1271 5646 inscribantur,
1300 5589 1363 5628 non

1418 4348 1589 4404 sententiae

1465 4453 1542 4507 1-4
1562 4447 1634 4523 περὶ
1656 4451 1734 4510 θεοῦ

1459 4554 1477 4609 5
1501 4569 1566 4626 sqq.
1589 4551 1746 4608 exordium
1766 4555 1985 4612 sententiarum
2002 4551 2195 4626 profanarum
2212 4549 2301 4625 (περὶ
2317 4548 2395 4611 ἀδο-

1417 4649 1514 4725 κήτου
1536 4651 1735 4727 φαντασίας)
1761 4665 1792 4709 et
1818 4637 1941 4714 14-‘15
1964 4651 2037 4726 περὶ
2059 4650 2160 4727 τύχης

1461 4755 1582 4812 16-23
1606 4751 1678 4828 περὶ
1701 4751 1819 4827 ἀρετῆς
1842 4753 1892 4813 καί
1916 4752 2027 4828 κακίας
2049 4751 2101 4813 καὶ
2123 4750 2350 4827 σωφροσύνης

1459 4857 1580 4912 24-31
1604 4853 1675 4927 περὶ
1699 4851 1843 4914 πλούτου
1866 4853 1917 4914 καί
1939 4853 2051 4928 πενίας

1459 4959 1581 5015 32--43
1604 4954 1674 5029 περὶ
1700 4958 1826 5030 τρυφῆς
1848 4955 1900 5015 καί
1922 4951 2134 5029 πολυτελείας

1446 5057 1583 5126 (32-33
1607 5053 1656 5116 ὅτι
1683 5054 1721 5117 τὸ
1743 5057 1851 5132 καλῶς
1874 5058 1930 5130 ζῆν
1951 5055 2009 5116 rori
2031 5056 2216 5131 πολυτελῶς
2240 5057 2397 5133 διαφέρει

1458 5160 1581 5216 34-36
1604 5157 1677 5232 περὶ
1698 5157 1790 5220 σίτου
1815 5158 1866 5218 καί
1889 5159 1991 5218 ποτοῦ

1458 5261 1579 5319 37-41
1603 5257 1675 5333 περὶ
1698 5256 1879 5320 ἑστιάσεων

1456 5363 1581 5419 42-43
1604 5360 1675 5435 περὶ
1697 5361 1762 5420 τῶν
1784 5360 1871 5435 παρὰ
1889 5359 1990 5422 πότον
2014 5358 2159 5435 ὁμιλιῶν)

1456 5465 1579 5520 44-52
1603 5460 1675 5535 περί
1699 5460 1802 5535 φίλων
1825 5460 1890 5538 (καὶ
1913 5460 2095 5538 χρημάτων)
2178 5503 2179 5506 ¹

1457 5565 1496 5624 53
1603 5547 1674 5636 περὶ
1698 5560 1887 5638 ἀχαριστίας
1912 5561 1962 5622 καί
1986 5559 2190 5638 εὐχαριστίας

2504 4533 2506 4576 l

2504 4579 2506 4632 l
