5046 6802
1279 537 1434 600 XLVIII

382 741 448 780 mos
471 725 595 780 codices
625 742 678 781 eas
701 724 879 780 enumeravi
905 725 1013 781 ordine
1036 725 1249 786 Damascenus
1274 729 1329 784 ad·

381 823 479 881 hibuit
494 832 527 881 et
542 824 597 882 sub
614 823 702 881 finem
718 824 896 899 plerumque
915 826 1049 901 capitum
1065 828 1237 905 adscripsit.
1259 829 1330 887 vide

382 925 464 982 enim
485 943 564 1001 quae
587 925 712 998 singulis
733 925 807 983 locis
830 926 978 1002 deinceps
1000 927 1193 1002 proferuntur

424 1022 556 1084 Damil
578 1043 643 1100 cap.
662 1027 699 1084 19
722 1044 753 1101 p.
770 1027 843 1086 357:
867 1026 881 1084 I
906 1028 932 1086 2.
955 1025 1120 1102 1111.25;
1144 1031 1207 1088 duo
1232 1032 1332 1108 priora

637 1124 659 1187 Κ
682 1129 699 1185 3
722 1147 751 1204 p.
768 1129 829 1187 563

533 1226 642 1302 Ecap.
680 1231 698 1287 8
721 1247 750 1304 p.
767 1231 842 1287 481:
865 1228 1025 1290 1114.15.
1047 1231 1088 1288 111
1106 1236 1140 1302 4;
1163 1235 1236 1291 item

610 1324 697 1388 Π21
719 1348 748 1404 p.
767 1331 837 1389 661.
866 1326 928 1390 <bt
953 1350 982 1406 p.
1000 1334 1058 1391 tot

532 1428 638 1505 Ecap.
658 1433 695 1489 17
718 1447 747 1504 p.
764 1431 842 1490 515:
865 1430 921 1490 19.
941 1437 976 1490 11

531 1527 698 1605 Ycap.17
722 1530 1218 1606 p.703:114.s.1113.11.12

532 1628 644 1706 Φοαρ.
679 1635 696 1686 7
721 1649 750 1704 p.
769 1633 842 1690 714:
868 1633 926 1692 17.
949 1633 1087 1696 113.12.
1110 1636 1215 1698 1112‘2.

383 1753 445 1811 qua
473 1752 506 1790 re
530 1751 592 1790 nou
621 1734 720 1790 solum
743 1735 827 1807 quod
849 1735 1015 1808 Euagrinm
1039 1736 1254 1794 collectionum
1277 1755 1331 1794 au·

382 1845 500 1894 ctorem
522 1853 591 1892 esse
612 1833 797 1892 coniecimus
814 1837 1041 1910 comprobatur,
1065 1839 1122 1894 scd
1138 1839 1222 1914 quod
1238 1840 1332 1896 multo

383 1939 480 1996 maius
503 1945 550 1992 est
573 1937 632 1993 iam
661 1936 707 1992 via
729 1935 865 2012 aperitur
890 1939 930 1996 ad
959 1941 1172 2011 quaestionem
1194 1940 1332 2014 gravissi·

384 2057 465 2098 mam
499 2040 539 2094 de
566 2037 683 2111 origine
713 2055 750 2094 ac
781 2040 1005 2112 compositione
1037 2041 1226 2116 gnomologii
1255 2041 1332 2098 illius

383 2139 558 2216 amplissimi
582 2137 803 2212 quodloannis
819 2137 1006 2198 Damasceni
1028 2140 1104 2198 salso
1129 2143 1252 2200 nomine
1275 2141 1333 2198 ler-

384 2254 442 2319 tur,
465 2241 542 2298 salso
562 2238 784 2312 Parallelorum,
808 2240 971 2298 salsissimo
992 2241 1154 2299 Sacrorum
1176 2243 1334 2318 parallelo·

384 2361 449 2400 rum
472 2340 565 2398 titulo.
596 2357 782 2414 quamquam
804 2359 867 2396 rem
890 2360 972 2398 nunc
997 2345 1138 2416 persequi
1167 2362 1230 2401 non
1255 2345 1333 2414 licet,

383 2461 454 2500 nam
481 2444 523 2500 de
552 2452 619 2498 toto
649 2441 708 2498 hoe
736 2452 916 2515 argumento
940 2443 1031 2516 longe
1053 2445 1243 2502 accuratiora
1265 2463 1334 2519 pro-

384 2544 508 2619 pediem
522 2561 579 2601 nos
594 2541 739 2599 edocebit
753 2552 785 2600 et
800 2544 943 2600 omnibus
959 2544 1005 2601 bis
1024 2545 1255 2618 quaestionibus
1270 2563 1334 2602 cer·

385 2655 450 2702 tum
470 2645 704 2701 fundamentum
727 2645 839 2718 primus
862 2646 983 2719 parabit
1005 2646 1039 2704 F.
1056 2644 1162 2704 Lools,
1186 2645 1218 2701 id
1241 2663 1335 2702 unum

384 2745 475 2822 igitur
501 2746 731 2802 demonstrasse
761 2745 835 2802 satis
863 2747 910 2815 sit,
945 2746 1037 2803 etiam
1065 2747 1117 2822 qui
1138 2733 1262 2804 ‘Sacra'
1284 2744 1335 2803 illa

385 2845 558 2921 composuit
581 2845 748 2902 vetustiora
770 2845 966 2921 gnomologia
990 2864 1079 2903 suum
1102 2847 1132 2904 in
1155 2864 1244 2904 usum
1259 2863 1335 2903 con·

385 2947 520 3004 vertisse.
555 2964 626 3003 nam
642 2947 700 3003 etsi
711 2946 834 3019 Euagrii
857 2947 1025 3005 sententias
1040 2965 1110 3004 esse
1128 2948 1332 3022 probavimus

385 3059 488 3106 tamen
510 3048 576 3120 ipsa
602 3046 660 3104 hac
682 3046 788 3121 triplici
811 3047 908 3104 forma
928 3066 981 3105 eas
1003 3049 1043 3105 ab
1067 3049 1117 3106 illo
1139 3048 1237 3105 editas
1260 3065 1330 3106 esse

383 3149 572 3226 negaverim:
606 3147 753 3220 florilegia
781 3156 852 3204 sunt
878 3166 915 3204 ex
938 3148 1061 3223 Euagrii
1084 3148 1245 3205 sententiis
1277 3166 1330 3204 ex·

385 3259 501 3326 cerpta.
543 3257 675 3306 ceterum
707 3249 792 3322 quod
810 3240 994 3306 ‘Sacrorum‘
1027 3258 1135 3306 auctor
1157 3249 1330 3322 Euagriana

383 3369 483 3428 pauca
511 3351 608 3426 primo
639 3345 694 3426 (de
722 3347 798 3421 deo)
828 3359 860 3407 et
886 3350 972 3408 alteri
1004 3348 1058 3420 (de
1086 3349 1218 3426 homine)
1255 3350 1330 3408 libro

384 3453 519 3519 inseruit,
540 3451 667 3526 plurima
689 3450 779 3508 tertio
801 3444 1008 3528 l‘Parallelis‘)
1030 3452 1127 3525 dedit,
1151 3470 1213 3526 qua
1236 3453 1275 3508 de
1298 3469 1330 3508 re

385 3553 527 3612 Loolsius
544 3552 677 3624 benigue
692 3569 742 3608 me
763 3553 925 3610 certiorem
948 3552 1029 3626 iecit,
1051 3553 1119 3627 ipsa
1141 3552 1328 3626 singularum

385 3653 602 3712 sententiarum
625 3661 733 3710 natura
755 3652 931 3728 explicatur.

426 3771 531 3810 verum
558 3755 600 3810 ad
630 3762 692 3810 tres
722 3770 799 3828 quas
828 3753 890 3810 dixi
915 3755 974 3810 iarn
997 3753 1120 3812 accedit
1142 3765 1252 3830 quarta
1274 3753 1331 3827 syl·

384 3855 456 3930 loge
482 3871 582 3928 eaque
606 3853 728 3929 Euagrii
757 3855 880 3912 nomine
907 3855 1057 3929 iuscripta.
1093 3855 1202 3930 legitur
1229 3865 1332 3914 autem

385 3957 415 4013 in
444 3955 576 4012 maximo
606 3955 656 4012 illo
684 3956 949 4029 gnomologiorum
971 3963 1004 4014 et
1029 3974 1183 4014 sacrorum
1205 3965 1237 4013 et
1258 3973 1330 4032 pro-

385 4056 521 4114 fanorum
536 4055 679 4114 thesauro
694 4057 777 4114 cuius
795 4055 1063 4132 locupletissimum
1078 4058 1219 4115 codicem
1235 4057 1330 4114 habe·

384 4175 451 4215 mus
464 4156 557 4215 Paris.
570 4155 623 4213 Gr.
643 4159 733 4224 1168,
757 4156 808 4213 ubi
824 4157 875 4213 sol.
893 4160 948 4217 '14v
973 4157 1124 4216 collectae
1147 4168 1269 4216 exstant
1293 4160 1331 4217 10

386 4260 559 4318 sententiae
575 4254 734 4333 Εὐαγρίου
754 4259 810 4319 inc.
832 4255 977 4321 Ἀτοπόν
999 4257 1069 4321 ἐστι
1091 4255 1250 4320 διώκοντα
1271 4254 1332 4333 τὰς

385 4359 478 4436 τιμὰς
511 4359 576 4422 κτλ.
608 4378 734 4437 quarum
763 4362 861 4436 prima
895 4362 1020 4436 quidem
1049 4363 1158 4420 eadem
1187 4371 1234 4418 est
1264 4378 1333 4418 cum

386 4463 542 4529 colllll,
564 4464 621 4520 02
646 4470 748 4520 autem
770 4480 841 4519 cum
861 4461 947 4533 1115,
970 4461 1251 4536 0011006316
1275 4469 1333 4518 etc.

386 4573 490 4622 tamen
511 4581 550 4620 ne
575 4562 652 4620 sorte
674 4562 829 4620 existimes
852 4561 910 4620 hac
933 4561 1048 4638 sylloge
1071 4562 1237 4636 genuinum
1254 4561 1334 4618 Eua·

386 4667 443 4742 grii
471 4664 702 4740 gnomologium
730 4673 785 4720 aut
808 4664 872 4720 eius
901 4665 1009 4722 saltem
1036 4664 1203 4738 epitomam
1235 4662 1334 4720 conti-

387 4767 462 4834 neri,
484 4783 578 4842 equo
599 4774 660 4823 tres
676 4765 744 4823 illae
759 4773 925 4839 excerptae
944 4763 1015 4838 sint,
1035 4781 1128 4820 unum
1143 4779 1256 4820 moneo
1272 4779 1334 4836 quo

388 4868 475 4925 simul
506 4875 615 4924 natura
643 4877 735 4942 atque
766 4867 852 4942 origo
879 4875 1005 4942 quartae
1031 4864 1120 4922 huius
1143 4863 1335 4921 collectionis

388 4987 480 5045 quam
505 4968 672 5026 certissime
694 4966 849 5026 evincitur.
881 4983 1000 5041 paucae
1022 4975 1094 5024 sunt
1117 4964 1241 5039 Euagrii
1264 4981 1335 5021 sen·

388 5069 513 5138 tentiae,
535 5069 591 5126 sed
608 5085 719 5126 novam
738 5069 894 5142 quandam
916 5063 966 5142 (Εἰ
982 5063 1091 5142 βούλει
1107 5066 1228 5136 γνῶναι
1248 5060 1334 5136 θεόν,

387 5166 560 5246 προλαβὼν
590 5169 688 5240 γνῶθι
716 5165 840 5230 σαυτόν
866 5169 883 5227 1.
908 5187 934 5228 e.
962 5167 1046 5241 112)
1077 5166 1336 5242 deprehendimus

388 5271 420 5329 in
448 5289 486 5329 ea
511 5279 599 5346 parte
630 5269 763 5328 thesauri
790 5270 966 5328 Parisiensis
997 5268 1048 5326 ubi
1077 5267 1266 5343 compositae
1294 5267 1336 5324 le·

387 5380 502 5446 guntur
517 5367 700 5446 Κλήμεντος
722 5373 894 5430 sententiae
915 5369 999 5447 (cod.
1018 5367 1262 5442 1168101761),
1285 5385 1338 5426 ea·

389 5473 462 5530 dem
482 5483 585 5532 autem
608 5473 692 5548 apud
707 5471 936 5532 Damascenum
954 5481 1055 5531 exstat
1071 5467 1090 5531 Γ
1112 5487 1181 5546 cap.
1198 5473 1215 5529 2
1232 5487 1261 5545 p.
1274 5471 1336 5530 402

1381 735 1452 802 post
1475 727 1612 800 eclogam
1635 726 1764 801 aliquam
1787 726 1964 786 Clementis.
1998 729 2073 784 item
2096 729 2164 786 coll.
2182 729 2230 787 18
2253 729 2330 788 inter

1382 828 1571 901 Euagrianas
1599 826 1721 902 quidem
1748 827 1861 884 omittit
1885 826 2073 897 parisiensis,
2107 829 2200 888 habet
2227 841 2329 888 tamen

1383 929 1466 996 (cod.
1481 929 1560 988 1168
1576 927 1627 987 iol.
1640 925 1696 1000 49)
1713 929 1881 986 admixtam
1904 929 2062 988 sententiis
2075 929 2214 1005 Gregorii
2229 931 2331 989 Theo·

1383 1029 1443 1102 logi
1470 1037 1503 1086 et
1524 1029 1715 1086 subiunctam
1739 1029 1918 1086 notissimae
1940 1029 2079 1088 eiusdem
2103 1030 2255 1106 (exorat.
2279 1029 2329 1106 tt)

1382 1131 1510 1204 eelogae
1537 1125 1631 1206 (quae
1655 1139 1685 1188 et
1711 1130 1778 1205 ipsa
1805 1147 1823 1187 e
1846 1128 2051 1206 Pythagoricis
2074 1133 2222 1205 originem
2246 1132 2329 1189 duxit

1383 1231 1421 1288 cl.
1440 1230 1523 1290 Sext.
1540 1227 1612 1304 189)
1628 1226 1880 1303 Μνημονευτέον
1900 1231 1976 1292 θεοῦ
1993 1231 2117 1306 μᾶλλον
2135 1228 2155 1306 ἢ
2175 1227 2331 1292 ἀνοπνευ-

1382 1329 1481 1392 στέον
1496 1363 1529 1372 -
1544 1333 1656 1389 eadem
1675 1349 1748 1388 vero
1766 1326 1836 1409 (nisi
1852 1333 1937 1407 quod
1953 1333 1983 1389 in
1999 1332 2187 1390 editionibus
2203 1333 2330 1408 vulgatis

1383 1431 1506 1489 loannis
1530 1431 1740 1508 Chrysostomi
1770 1433 1897 1508 aliquod
1919 1442 2095 1508 excerptum
2117 1436 2331 1509 interponitur)

1383 1532 1507 1608 Euagrii
1538 1533 1617 1590 illam
1649 1535 1834 1602 sententiam
1865 1535 2023 1591 antecedit
2052 1537 2136 1610 apud
2165 1534 2330 1594 Damasce-

1382 1651 1454 1690 num
1478 1630 1509 1693 Δ
1532 1651 1600 1708 cap.
1624 1635 1642 1693 3
1666 1653 1695 1710 p.
1711 1636 1772 1694 427
1798 1665 1831 1675 -
1858 1636 1898 1692 ita
1921 1636 2011 1708 igitur
2033 1653 2080 1692 res
2104 1646 2169 1694 est:
2192 1637 2330 1695 collectio

1384 1735 1558 1793 Parisiensis
1590 1753 1628 1792 01
1658 1735 1725 1809 ipso
1750 1733 1946 1793 Damasceno
1973 1737 2113 1794 derivata
2140 1747 2197 1804 est,
2231 1755 2331 1812 neque

1383 1836 1508 1912 Euagrii
1541 1846 1659 1894 tantum
1696 1837 1866 1894 sententiae
1898 1839 1956 1894 sed
1989 1838 2091 1896 omnia
2128 1838 2192 1894 lere
2225 1838 2331 1895 florile-

1383 1937 1434 2010 gia
1456 1953 1543 1994 sacra
1565 1936 1640 1993 illius
1663 1935 1806 2008 thesauri,
1837 1937 1869 1992 id
1892 1938 1978 2011 quod
2006 1939 2186 2014 propediem
2210 1921 2260 1996 me
2282 1937 2328 1997 su-

1383 2037 1444 2094 sius
1467 2046 1774 2094 commonstreturum
1796 2055 1867 2095 esse
1890 2039 1977 2096 scit0.
2019 2039 2121 2114 itaque
2144 2049 2252 2113 quarta
2275 2039 2331 2097 hac

1384 2137 1567 2195 collectione
1596 2137 1683 2194 facile
1713 2155 1815 2195 carere
1842 2139 2019 2209 videbimur,
2054 2141 2111 2198 nisi
2138 2140 2190 2196 ubi
2222 2141 2252 2196 in
2270 2139 2332 2196 Da·

1383 2239 1518 2296 masceni
1555 2238 1653 2295 verbis
1684 2239 1816 2296 rectiora
1847 2241 2006 2298 codicibus
2041 2243 2172 2298 servavit
2205 2235 2257 2316 (cl.
2291 2241 2331 2298 ad

1384 2358 1407 2400 s.
1430 2339 1538 2413 010).
1575 2357 1676 2397 verum
1698 2340 1853 2416 peculiare
1876 2341 1983 2398 horum
2007 2359 2131 2416 quoque
2154 2359 2234 2415 quae
2258 2342 2333 2398 inte·

1383 2459 1438 2514 gra
1463 2441 1619 2514 descripta
1642 2440 1742 2498 habeo
1761 2439 2095 2500 Parisiensisthesauri
2117 2443 2331 2518 florilegiorum

1384 2559 1538 2599 sacrorum
1564 2543 1693 2618 pretium
1721 2543 1750 2599 in
1780 2561 1818 2600 eo
1847 2544 1987 2601 consistit
2010 2546 2094 2619 quod
2118 2561 2154 2599 ex
2179 2543 2235 2601 illis
2257 2543 2329 2600 item

1384 2651 1477 2717 atque
1498 2644 1530 2700 10
1550 2643 1684 2718 profanis
1701 2644 1816 2701 accidit
1836 2645 1867 2700 in
1881 2643 2006 2701 Maximi
2028 2655 2060 2701 et
2082 2645 2220 2702 similium
2236 2663 2330 2720 opera

1385 2745 1576 2801 devenerunt
1595 2744 1619 2800 si
1641 2761 1717 2818 quas
1740 2745 1824 2818 apud
1846 2760 1901 2802 eos
1923 2763 1991 2802 curn
2014 2744 2141 2802 aliorum
2164 2755 2228 2802 tum
2249 2745 2329 2802 Eua·

1384 2845 1439 2920 grii
1468 2844 1639 2902 sententias
1668 2845 1795 2918 legimus
1823 2875 1858 2886 —
1884 2863 1964 2919 quae
1994 2863 2041 2902 res
2071 2846 2117 2902 vel
2148 2846 2179 2902 in
2210 2845 2332 2919 Euagrii

1385 2958 1447 3004 tam
1465 2946 1576 3020 exiguo
1595 2947 1815 3004 sententiarum
1832 2963 1960 3003 numero
1983 2946 2071 3004 facile
2094 2948 2329 3016 demonstratur,

1381 3047 1412 3104 iu
1444 3046 1508 3104 aliis
1539 3047 1676 3122 partibus
1707 3046 1872 3104 clarissime
1900 3057 2038 3122 apparet.
2083 3065 2155 3105 nam
2186 3065 2267 3121 quae
2299 3047 2330 3104 10

1382 3146 1543 3204 Parisiensi
1570 3147 1719 3205 collectae
1747 3155 1827 3218 sunt,
1859 3165 1916 3204 eae
1938 3149 1979 3205 ad
2003 3165 2095 3206 unam
2119 3165 2229 3206 omnes
2251 3149 2331 3206 Eua·

1380 3249 1437 3322 grii
1459 3249 1602 3306 lemmate
1623 3249 1732 3306 iisdem
1755 3250 1852 3306 verbis
1870 3250 1901 3305 in
1925 3249 2014 3306 variis
2030 3249 2154 3306 Maximi
2178 3251 2329 3325 capitibus

1383 3352 1580 3426 reperiuntur,
1604 3350 1755 3424 incapite
1778 3353 1816 3408 41
1842 3359 1946 3407 autem
1968 3368 2039 3406 cum
2054 3350 2154 3409 Paeti
2180 3353 2246 3408 018
2270 3369 2330 3409 una

1382 3450 1566 3526 transcripsit
1593 3451 1685 3507 etiam
1707 3449 1796 3506 huius
1819 3451 1958 3508 ordinem
1978 3452 2123 3521 servavit,
2152 3463 2260 3510 contra
2281 3453 2330 3510 illa

1383 3571 1466 3626 quae
1498 3553 1527 3608 in
1562 3551 1724 3608 Parisiensi
1757 3551 1837 3608 inter
1869 3551 2074 3610 Clementinas
2111 3554 2238 3627 delapsa
2274 3564 2329 3632 est,

1382 3653 1455 3708 item
1478 3653 1561 3726 apud
1582 3650 1750 3710 Maximum
1774 3669 1838 3728 cap.
1862 3655 1901 3712 56
1930 3653 2040 3727 legitur
2064 3649 2245 3729 Κλήμεντος
2275 3671 2330 3712 no·

1381 3754 1463 3809 mine
1484 3753 1635 3827 insignita,
1665 3762 1696 3810 et
1724 3754 1819 3811 altera
1847 3771 1940 3828 quarn
1961 3754 2141 3812 Parisiensis
2166 3772 2268 3812 errore
2290 3757 2332 3813 ad

1383 3853 1587 3928 Gregorianas
1603 3853 1728 3921 rettulit,
1752 3871 1770 3910 a
1788 3852 1923 3911 Maximo
1939 3855 2048 3912 iterum
2064 3873 2134 3912 cum
2149 3873 2187 3911 ea
2206 3857 2332 3930 quaein

1383 3954 1543 4012 Parisieusi
1564 3956 1721 4030 praecedit
1743 3965 1899 4030 tamquam
1921 3954 1979 4015 τοῦ
1997 3951 2166 4029 θεολόγον
2190 3957 2330 4032 religiose

1383 4056 1536 4130 descripta
1550 4065 1597 4112 est
1612 4057 1643 4113 iu
1663 4073 1730 4132 cap.
1745 4057 1785 4114 52
1801 4051 1884 4130 (περὶ
1901 4052 2048 4131 μνήμης).
2082 4057 2185 4132 itaque
2208 4059 2331 4132 egregio

1383 4156 1523 4231 exemplo
1538 4157 1599 4214 iam
1614 4165 1710 4216 totam
1726 4157 1789 4214 iere
1800 4159 2066 4233 gnomologiorum
2083 4175 2240 4218 sacrorum
2262 4177 2332 4236 pro·

1383 4259 1582 4333 pagationem
1611 4257 1792 4332 explicatam
1824 4257 1921 4316 habes
1953 4265 1985 4314 et
2009 4257 2104 4316 oculis
2134 4261 2332 4334 propositam.

1383 4377 1455 4416 nam
1471 4359 1515 4417 ita
1529 4375 1578 4416 res
1592 4375 1625 4416 se
1639 4357 1739 4430 habet,
1757 4369 1790 4415 ut
1812 4359 1943 4416 dubitari
1962 4359 2087 4416 omnino
2103 4371 2256 4436 nequeat:
2272 4361 2334 4418 sin·

1383 4461 1522 4536 gulorum
1535 4469 1692 4518 auctorum
1706 4460 1878 4517 sententiae
1891 4458 2115 4517 aDamasceno
2127 4462 2158 4517 in
2170 4460 2334 4518 multifaria

1385 4562 1486 4636 capita
1508 4561 1696 4632 distributae,
1719 4561 1750 4616 in
1771 4559 1915 4618 thesauro
1929 4561 2090 4618 Parisiensi
2111 4579 2214 4618 rursus
2237 4573 2330 4636 prout

1384 4663 1534 4737 cuiusque
1556 4679 1624 4719 esse
1647 4661 1830 4718 videbantur
1847 4661 2005 4730 collectae,
2028 4681 2047 4720 a
2069 4661 2205 4719 lllaximo
2227 4663 2336 4720 iterum

1384 4763 1416 4820 in
1433 4763 1539 4838 capita
1561 4762 1747 4837 discerptae,
1777 4779 1817 4818 ex
1840 4761 1974 4820 Maximo
1994 4763 2025 4820 in
2047 4763 2262 4838 florilegiorum
2284 4781 2335 4820 re-

1387 4865 1558 4923 centiorum
1576 4864 1696 4920 turbam
1714 4863 1872 4937 dispersae
1889 4873 1969 4920 sunt.
1991 4863 2050 4920 iam
2064 4865 2151 4920 velim
2163 4865 2335 4922 memineris

1388 4985 1415 5026 e.
1435 4983 1464 5039 g.
1494 4965 1666 5022 sententiae
1688 4963 1765 5021 illius
1790 4963 1914 5038 Epicuri
1936 4957 2005 5032 Ζῆν
2027 4959 2159 5037 ἄμεινον
2186 4960 2240 5026 ἐπὶ
2265 4975 2336 5024 οτι-

1390 5062 1492 5142 βάδος
1514 5060 1743 5137 κατακείμενον
1767 5063 1844 5130 κτλ,
1872 5065 1957 5122 vides
1979 5082 2070 5140 quam
2092 5066 2174 5124 varia
2196 5065 2258 5122 sata
2279 5065 2336 5122 ha·

1390 5168 1506 5225 buerit:
1528 5167 1569 5222 ad
1586 5163 1802 5241 Pythagoricos
1823 5161 1885 5239 (33,
1907 5165 1980 5224 inde
1995 5183 2063 5223 cum
2075 5165 2156 5240 Syris
2168 5165 2254 5224 Stob.
2270 5165 2337 5224 flor.

1390 5271 1418 5343 5,
1444 5267 1483 5326 28
1513 5265 1624 5341 Porph.
1647 5266 1688 5323 ad
1712 5264 1807 5324 Marc.
1832 5264 1895 5340 29),
1918 5265 2084 5340 Euagrium
2104 5262 2189 5342 (16),
2219 5266 2336 5326 Dama·

1392 5383 1519 5426 scenum
1534 5362 1574 5440 (Α
1591 5363 1652 5440 31),
1669 5366 1870 5424 Parisiensem
1886 5362 1954 5442 (Eu.
1969 5363 2010 5440 6),
2033 5365 2198 5426 Maximum
2214 5371 2253 5439 lc.
2268 5363 2337 5443 21),

1390 5477 1562 5526 ceterorum
1586 5483 1712 5543 gregem
1736 5466 1883 5542 deinceps
1906 5467 2011 5524 delata
2039 5477 2095 5526 est.
2138 5485 2220 5543 quae
2246 5469 2338 5526 simul
