5046 6802
1341 497 1422 562 XX

378 705 416 744 uss
437 669 633 757 Ἀρχόμενος
658 678 723 743 ἀπὸ
743 683 821 743 θεοῦ
845 683 974 760 πρᾶττε,
998 681 1016 745 ὃ
1039 681 1079 744 ἂν
1102 680 1256 765 πράττῃς.
1423 711 1462 751 ass
1484 687 1674 752 Exordium
1697 711 1718 752 a
1741 691 1808 754 deo
1830 711 1927 756 sume
1950 691 1982 754 in
2006 694 2154 774 agendo,
2177 711 2267 774 quae
2291 693 2378 775 agis,

381 813 419 853 ων
440 788 682 867 Συνεχέστερον
700 789 768 853 νόει
791 789 849 854 τὸν
872 791 948 854 θεὸν
971 792 991 869 ῆ
1014 789 1157 856 ἀνάπνει.
1423 820 1461 860 τοι
1484 795 1648 861 Crebrius
1661 801 1763 862 deum
1776 801 1906 864 habeto
1921 799 1956 863 in
1969 810 2083 864 mente
2096 821 2199 883 quam
2214 801 2376 884 respiras,

380 923 418 962 mo
437 897 479 961 Ἃ
492 897 635 977 μαθόντα
650 901 697 963 δεῖ
708 903 820 974 ποιεῖν,
832 897 910 963 ἄνευ
922 903 980 965 τοῦ
994 904 1106 980 μαθεῖν
1121 902 1162 980 μῆ
1178 901 1337 980 ἐπιχείρει.
1423 929 1461 968 τω
1482 904 1543 978 Ea,
1566 927 1656 988 quae
1679 919 1819 989 oportet
1842 909 1976 973 discere
1998 919 2034 972 et
2048 910 2096 972 ita
2118 909 2243 988 iacere,
2265 931 2308 973 ne
2323 931 2376 974 co-

1483 1015 1575 1078 neris
1596 1015 1723 1090 facere,
1747 1029 1933 1099 antequam
1954 1019 2079 1084 discas.

378 1147 416 1186 nu
437 1120 565 1199 Σαρκός
588 1121 629 1199 μὴ
653 1119 721 1198 ἔρα.
1422 1147 1460 1188 τοι
1484 1122 1631 1187 Carnem
1654 1126 1726 1188 noli
1748 1115 1876 1192 amare.

379 1255 417 1295 rm
439 1229 549 1308 Ψυχῆς
573 1228 697 1309 ἀγαθῆς
720 1227 778 1308 ἔρα
801 1231 880 1307 μετὰ
903 1231 987 1295 θεόν.
1422 1255 1460 1296 mr
1482 1232 1646 1296 Animam
1668 1235 1795 1298 bonam
1818 1235 1924 1318 dilige
1946 1249 2029 1320 post
2052 1239 2164 1302 deum.

379 1365 417 1404 τοι
440 1338 572 1405 Οίκείων
595 1337 696 1418 ὀργὰς
718 1339 876 1404 δύνασθαι
899 1341 1012 1419 φέρειν
1035 1342 1115 1404 κατὰ
1137 1341 1257 1420 σοφόν.
1421 1365 1460 1404 τω
1480 1338 2128 1425 Domesticorumindignationesferre
2140 1346 2304 1428 sapientis
2314 1356 2375 1412 est.

378 1474 416 1514 mr
439 1447 631 1527 Φιλοσόφου
653 1450 796 1528 πλοῦτος
819 1447 996 1526 ἐγκράτεια.
1421 1473 1459 1515 τοι
1481 1447 1698 1531 Sapientium
1721 1452 1862 1515 divitiae
1886 1454 2108 1517 continentia.

378 1584 416 1624 roa
437 1558 540 1636 Ὅπερ
562 1557 753 1635 μεταδιδοὺς
776 1555 888 1636 ἄλλοις
910 1557 1009 1635 αὐτὸς
1025 1557 1086 1636 οὐχ
1101 1559 1191 1638 ἕξεις,
1214 1560 1254 1637 μῆ
1275 1559 1335 1637 κρῖ·
1421 1585 1459 1624 σοι
1481 1557 1520 1623 Si
1543 1559 1625 1641 quid
1647 1561 1825 1644 proprium
1848 1563 1905 1624 alii
1929 1562 2125 1636 tradideris,
2153 1579 2188 1628 at
2210 1565 2284 1646 ipse
2306 1585 2373 1629 non

438 1687 496 1751 νῃς
519 1665 643 1740 ἀγαθὸν
665 1663 757 1732 εῖναι.
1481 1669 1638 1752 habebis
1659 1688 1729 1733 non
1748 1669 1878 1734 iudices
1900 1674 2038 1736 bonum.

379 1801 418 1840 σου
438 1775 544 1840 Οὐδὲν
566 1775 786 1853 ἀκοινώνητον
809 1775 940 1852 ἀγαθόν.
1422 1801 1459 1842 σοι
1481 1777 1573 1840 Nihil
1586 1780 1725 1850 bonum,
1750 1781 1844 1860 quod
1866 1800 1933 1843 non
1949 1791 2068 1868 potest
2086 1803 2164 1845 esse
2183 1803 2376 1846 commune.

378 1910 416 1949 m
438 1885 491 1962 Μῆ
515 1884 621 1963 νόμιζε
644 1883 834 1963 μικρότερον
857 1884 1026 1963 ἁμάρτημα
1049 1883 1129 1950 ἄλλο
1152 1883 1262 1950 ἄλλον.
1421 1910 1459 1950 τοι
1480 1885 1558 1948 Non
1580 1887 1688 1950 ducas
1710 1887 1802 1950 aliud
1827 1888 1894 1951 alio
1916 1900 2099 1970 peccatum
2121 1891 2241 1954 levius.

379 1993 515 2060 mr'Utiv
537 1992 707 2072 ἁμάρτημα
731 1993 879 2073 ἀσέβημα
900 1994 990 2070 ἡγοῦ.

379 2129 417 2169 τοι
436 2095 494 2181 Ὡς
519 2103 570 2166 ἐπὶ
591 2106 658 2180 τοῖς
681 2103 929 2180 κατορθώμασιν
953 2103 1149 2168 ἐπαινεῖσθαι
1173 2103 1224 2166 καί
1245 2105 1336 2181 τιμᾶ-
1422 2128 1461 2168 aa
1483 2100 1581 2166 Sicut
1602 2102 1635 2166 in
1661 2104 1764 2166 bonis
1787 2105 1921 2168 actibus
1943 2106 2079 2168 laudari
2104 2108 2165 2186 vie,
2189 2108 2237 2170 ita
2258 2108 2291 2170 in
2316 2109 2378 2171 ‹le-

439 2218 515 2275 σθαι
538 2212 653 2290 θέλεις,
677 2211 728 2274 καὶ
752 2211 805 2275 ἐπὶ
827 2215 896 2291 τοῖς
912 2211 1136 2290 ἁμαρτήμασιν
1151 2211 1336 2290 ψεγόμενος
1483 2211 1572 2276 lictis
1595 2213 1769 2294 patienter
1791 2214 1911 2296 accipe
1934 2215 1963 2278 si
1987 2217 2144 2297 culperis.

439 2319 566 2399 ἀνέχου.

380 2455 418 2495 σου
439 2429 499 2494 Ὧν
525 2434 592 2494 τῶν
621 2429 760 2492 ἐπαίνων
793 2421 1020 2508 καταφρονεῖς,
1051 2431 1103 2494 καὶ
1130 2433 1194 2494 τῶν
1221 2431 1337 2509 ψόγων
1423 2455 1460 2494 ιιι
1483 2427 1638 2510 Quorum
1661 2433 1784 2494 laudes
1810 2433 2013 2506 contemnis,
2045 2454 2110 2497 nec
2133 2436 2383 2518 derogationes

438 2539 591 2617 ὑπερόρα.
1483 2539 1600 2619 magni
1622 2541 1765 2620 pendas

378 2673 417 2712 roo
440 2649 613 2726 Θησαυρὸν
627 2649 853 2713 κατατίθεσθαι
870 2650 927 2726 μὲν
942 2649 981 2712 οῦ
997 2647 1237 2728 φιλάνθρωπον,
1251 2647 1338 2714 ἀνω·
1422 2673 1462 2711 σου
1483 2646 1697 2710 Thesaurum
1723 2647 1888 2712 defodere
1912 2649 2051 2731 quidem
2072 2652 2292 2717 inhumanum
2316 2666 2385 2735 est,

439 2761 563 2836 ρεῖσθαι
585 2759 620 2822 δὲ
643 2757 683 2821 οὐ
705 2759 787 2822 κατὰ
809 2759 1006 2838 φιλόσοφον.
1484 2757 1660 2819 inventum
1684 2768 1800 2820 autem
1820 2756 1958 2822 auferre
1981 2780 2052 2823 non
2075 2773 2128 2824 est
2149 2762 2363 2846 philosophi.

378 2890 416 2929 sor
437 2867 524 2931 Ὅσα
546 2870 657 2945 πονεῖς
679 2868 731 2931 διὰ
753 2869 792 2931 τό
814 2872 917 2947 σῶμα,
936 2868 986 2932 καί
1008 2869 1060 2932 διὰ
1076 2869 1135 2946 τὴν
1154 2870 1261 2947 ψυχῆν
1282 2889 1340 2934 no·
1424 2891 1461 2930 sor
1484 2863 1659 2946 Quantum
1682 2865 1822 2929 laboras
1839 2885 1903 2948 pro
1927 2887 2085 2951 corpore,
2109 2870 2138 2934 si
2161 2882 2295 2934 tantum
2315 2893 2387 2954 pro

439 2977 541 3053 νέσας
563 2977 672 3056 σοφὸς
695 2976 735 3040 ἂν
756 2976 834 3055 εἴης.
1486 2975 1600 3038 anima
1622 2975 1774 3049 labores,
1799 2977 1937 3058 sapiens
1961 2979 2038 3046 eris.

378 3109 416 3146 cor
440 3085 554 3164 Σοφὸν
576 3085 674 3151 οὐδέν
697 3087 826 3151 ἐστινὸ
850 3084 992 3165 βλάπτει.
1423 3109 1462 3148 son
1484 3083 1636 3166 Sapiens
1658 3105 1728 3148 non
1751 3098 1814 3166 est,
1839 3088 1933 3168 quod
1957 3101 2069 3153 nocet.

380 3217 417 3256 σου
439 3194 499 3260 Ὧν
522 3194 562 3261 ἂν
583 3196 728 3276 πράττῃς
750 3197 828 3261 θεὸν
850 3198 1006 3260 ἐπικαλοῦ
1029 3195 1181 3276 μάρτυρα.
1423 3219 1462 3258 sos
1483 3193 1644 3258 Omnium
1666 3215 1756 3276 quae
1779 3197 1857 3278 agis
1880 3198 1983 3260 deum
2006 3199 2130 3263 invoca
2152 3210 2287 3264 testem.

379 3327 417 3366 sor
437 3297 475 3370 ‘0
498 3305 574 3383 θεὸς
599 3303 779 3384 ἀνθρώπων
801 3309 925 3384 βεβαιοῖ
946 3306 1048 3385 καλὰς
1071 3305 1211 3384 πράξεις.
1423 3327 1461 3367 ων
1483 3301 1581 3366 Deus
1606 3305 1714 3368 bonos
1738 3315 1836 3368 actus
1858 3306 2033 3368 hominum
2057 3307 2247 3376 confirmat.

379 3438 417 3478 ms
441 3415 551 3478 Κακῶν
572 3414 720 3493 πράξεων
743 3415 843 3492 κακὸς
865 3414 988 3491 δαίμων
1009 3414 1138 3492 ἡγεμών
1160 3414 1258 3478 ἐστιν.
1422 3435 1460 3476 σοι
1482 3410 1653 3475 Malorum
1676 3421 1813 3477 actuum
1835 3415 1946 3478 malus
1969 3417 2119 3480 daemon
2142 3421 2214 3481 dux
2237 3431 2298 3484 est.

415 3677 467 3730 238
486 3693 540 3730 om.
556 3671 1267 3743 Χ(ρ.21,8οά269)116πὸΡῆδπράττειςΡίίῖῖ)
1340 3675 1393 3727 289
1409 3670 1472 3727 ‘ore
1491 3669 1578 3741 prius'
1602 3673 1711 3744 coddg
1729 3673 1798 3738 (ora
1817 3676 1893 3744 prius
1912 3677 2003 3732 deum.
2030 3678 2140 3733 Habeto
2158 3680 2187 3733 iu
2206 3699 2242 3733 m.
2262 3697 2385 3736 cumre-

379 3761 479 3836 spiras’
500 3765 535 3818 B:
554 3761 646 3834 ‘prius
666 3763 692 3816 d.
712 3762 738 3816 h.
759 3763 810 3831 (in)
827 3779 875 3816 ore
895 3766 923 3816 et
941 3762 991 3828 (in)
1012 3765 1104 3815 menie
1123 3778 1206 3830 quam
1224 3757 1254 3815 r.’
1277 3761 1338 3829 G(U
1358 3767 1387 3816 el
1405 3764 1461 3830 erl:
1482 3761 1587 3814 dudum
1606 3761 1722 3823 correxi,
1742 3767 1839 3832 postea
1858 3763 1929 3817 idem
1949 3767 2060 3834 repperi
2079 3767 2108 3820 in
2119 3767 2234 3837 Euagrii
2247 3785 2273 3837 q.
2288 3767 2307 3822 i.
2321 3787 2386 3824 ver·

380 3855 457 3908 sione
475 3854 589 3920 antique
611 3852 645 3905 de
666 3867 721 3918 qua
738 3850 811 3904 inira
829 3849 938 3904 dicetur
957 3851 1071 3914 (Patrol.
1082 3849 1130 3904 Gr.
1144 3851 1187 3904 ed.
1199 3849 1295 3919 Migne
1308 3851 1343 3903 40
1355 3868 1384 3920 ρ.
1399 3849 1480 3915 1275)
1498 3847 1557 3902 ‘dei
1577 3849 1700 3903 crebrius
1720 3850 1863 3906 recordari
1881 3869 1964 3920 quam
1984 3854 2113 3922 spiritum
2134 3856 2235 3910 ducere
2254 3856 2383 3925 oportet'

380 3946 408 3995 el
427 3939 480 3994 ‘da
498 3957 610 4009 operam
632 3943 663 3991 ut
682 3939 806 3993 crebrius
823 3939 906 3992 deum
926 3937 955 3990 in
974 3943 1066 3991 mente
1085 3937 1188 3991 habeas
1209 3955 1292 4006 quam
1312 3938 1441 4007 spiritum
1460 3933 1575 4007 ducas’3
1602 3935 1654 3992 ‘sit
1673 3937 1753 3992 firma
1773 3940 1801 3993 in
1822 3947 1850 3994 ie
1869 3943 2003 4018 memoria
2023 3939 2078 3996 dei*
2100 3943 2215 4012 interpr.
2236 3964 2266 3999 x:
2286 3942 2385 4000 ‘enixe

378 4029 408 4082 in
426 4028 509 4082 corde
528 4032 656 4081 teneatur
676 4043 744 4080 neve
763 4022 883 4080 desinat'
904 4043 963 4094 sqq.
983 4025 1009 4078 X
1026 4026 1039 4093 ΙΙ
1055 4026 1212 4080 όνόπνεεΡ
1294 4026 1348 4080 290
1367 4026 1483 4093 ἐγχείρει
1501 4025 1525 4078 V
1606 4026 1659 4080 292
1684 4028 1792 4094 ἀγαθῆς
1810 4045 1864 4081 om.
1884 4029 1905 4080 P
1925 4029 2006 4083 eali
2085 4033 2138 4086 293
2158 4032 2257 4087 αίκιιῦν
2278 4033 2386 4101 ΡΙΙδὺ-

379 4129 462 4170 νασυι
474 4115 496 4166 V
509 4116 521 4182 ΙΙ
534 4133 558 4168 κ.
569 4120 671 4181 σοφῶν
682 4113 718 4168 P:
732 4133 756 4168 κ.
767 4113 963 4183 φιλόσοφονίί
976 4114 1010 4168 ci.
1021 4113 1074 4168 300
1140 4115 1193 4168 294
1204 4117 1355 4182 φιλοσόφω
1365 4114 1399 4167 P:
1414 4131 1467 4168 -ων
1480 4113 1516 4167 R:
1529 4111 1687 4183 ‘sapientis’
1704 4117 1762 4169 Xx:
1776 4123 1877 4170 πιστοῦ
1888 4117 1912 4171 V
1926 4118 1960 4171 σῖ.
1971 4119 2024 4172 319
2087 4120 2139 4174 295
2153 4121 2216 4175 elit.
2229 4121 2280 4176 105
2292 4128 2383 4176 rouro

382 4205 434 4258 σόν
446 4207 539 4270 κτῆμα
557 4204 610 4256 οὐκ
628 4204 713 4266 ἔστιν,
734 4203 750 4256 ὃ
769 4203 897 4270 παρόσον
916 4203 1072 4267 μεταδίδως
1089 4209 1148 4267 τοῖς
1168 4204 1260 4266 ἄλλοις
1280 4204 1365 4267 αὐτὸς
1385 4204 1437 4268 οὐχ
1457 4204 1525 4267 ἕξεις
1545 4201 1619 4272 quod
1632 4205 1788 4272 explicatur
1808 4224 1842 4259 ex
1851 4203 1883 4275 V,
1903 4223 1967 4260 nam
1986 4207 2051 4275 παρ’
2071 4209 2140 4262 ὅσον
2159 4212 2196 4275 μὴ
2216 4211 2386 4276 μεταδιδοὺς

380 4291 479 4360 (intell.
500 4292 663 4355 μεταδίδως)
682 4291 707 4344 ά.
729 4292 772 4344 αὐ.
791 4292 843 4356 σῦχ
862 4291 884 4344 ἕ.
903 4292 980 4359 (cett.
1000 4289 1036 4344 ad
1049 4291 1110 4356 296)
1129 4291 1168 4359 V;
1188 4290 1223 4346 ci.
1245 4290 1327 4360 Pyth.
1347 4291 1504 4355 3611αθτὸς
1523 4307 1575 4344 om.
1591 4291 1611 4344 P
1631 4297 1667 4346 ct.
1683 4291 1706 4345 R
1720 4295 1731 4356 ΙΙ
1743 4293 1796 4346 οῦκ
1813 4294 1884 4359 ἔχεις
1904 4295 1956 4348 κᾶν
1975 4295 2045 4360 μέγα
2065 4297 2081 4364 ῆ
2102 4297 2139 4362 μὴ
2160 4301 2217 4351 κτλ.
2236 4299 2258 4352 Ρ
2278 4297 2352 4352 etii
2371 4298 2387 4368 ΙΙ

379 4378 468 4448 ‘quod
488 4396 551 4432 cum
570 4381 632 4433 aliis
651 4380 700 4433 das
719 4383 809 4432 totum
829 4397 912 4448 penes
931 4385 959 4433 te
981 4397 1036 4434 non
1055 4385 1157 4448 manet,
1176 4397 1231 4434 non
1250 4379 1325 4435 inter
1346 4380 1420 4434 bona
1439 4397 1455 4432 a
1474 4385 1502 4433 ie
1522 4377 1675 4432 referatur'
1693 4385 1769 4434 recle
1789 4399 1820 4434 x:
1845 4378 1941 4436 ‘omne
1959 4383 2063 4436 donum
2081 4385 2156 4452 quod
2175 4386 2224 4440 das
2243 4403 2277 4440 ex
2296 4403 2384 4456 opera

380 4473 510 4532 nonius,
531 4469 583 4522 tibi
602 4486 656 4523 non
674 4469 832 4537 imputatur
852 4469 881 4522 in
901 4465 1050 4522 iustitiam'
1068 4469 1128 4523 sim.
1144 4468 1169 4522 X
1189 4469 1267 4538 quasi
1287 4473 1358 4523 esset
1375 4469 1444 4536 ὅπερ
1465 4466 1623 4534 μεταδίδως
1642 4469 1728 4532 αὐτὸς
1746 4471 1798 4522 οῦκ
1815 4470 1889 4536 ἔχων
1962 4472 2014 4526 296
2033 4472 2103 4526 deV
2121 4491 2147 4527 v.
2166 4465 2202 4527 a'd
2221 4475 2288 4542 295;
2307 4477 2383 4529 simi·

320 4597 324 4606 .
380 4559 445 4611 liter
463 4557 527 4610 disi.
546 4575 571 4610 w
591 4555 659 4623 (Ne
677 4557 781 4610 iudices
800 4557 904 4610 bonum
923 4557 998 4624 quod
1017 4575 1071 4611 non
1091 4575 1117 4626 p.
1138 4575 1160 4610 e.
1180 4553 1224 4624 α’)
1295 4557 1348 4610 297
1369 4559 1406 4623 μὴ
1425 4575 1450 4610 ν.
1471 4557 1516 4622 άμ,
1537 4559 1634 4624 μικρὸν
1656 4559 1741 4611 ἄλλου
1761 4557 1872 4612 ἄλλον
1945 4560 2384 4626 2970=11,h.1.0m.PRXx

415 4647 480 4699 298ι
499 4642 546 4709 Ὡς
556 4645 580 4696 V
593 4645 605 4711 ΙΙ
617 4645 826 4714 κατορθώμασι]
840 4643 882 4699 ‘in
896 4663 926 4699 re
939 4663 1021 4714 quam
1040 4647 1175 4700 instituis'
1193 4645 1218 4698 X
1230 4647 1276 4714 (de
1289 4646 1428 4713 ὁρμᾶσθαι
1440 4644 1557 4714 cogitat)
1571 4648 1583 4710 11
1597 4646 1768 4700 ἐπαινεῖσθαι
1782 4649 1826 4700 καί
1840 4665 1894 4701 om.
1910 4647 1944 4700 P:
1964 4651 2009 4702 καί
2020 4654 2151 4713 τιμᾶσθαι
2164 4667 2219 4703 om.
2232 4651 2288 4705 vid.
2301 4650 2352 4704 ΗΧ
2371 4651 2387 4720 Η

379 4735 482 4799 ἀνέχου
495 4736 540 4787 καί
553 4734 584 4788 ἐν
597 4740 693 4798 κακοῖς
706 4733 814 4801 ψεγ.ῖῖ;
827 4731 875 4788 ‘de
888 4731 1021 4788 stultitia‘
1038 4734 1063 4788 Χ
1075 4735 1088 4804 ΙΙ
1099 4733 1154 4789 ‘ita
1166 4729 1206 4789 οῖ’
1222 4735 1244 4788 G
1257 4732 1271 4805 ΙΙ
1281 4724 1411 4788 ‘deliciis'
1425 4731 1507 4787 WOP
1580 4735 1633 4788 299
1653 4752 1707 4788 om.
1722 4735 1747 4787 Χ
1760 4738 1797 4805 (ρ.
1809 4736 1851 4804 21,
1865 4737 1900 4790 20
1915 4737 1950 4790 ad
1964 4737 2041 4806 298„
2063 4737 2126 4792 elit.
2141 4739 2192 4792 106
2206 4739 2237 4803 ὃς
2250 4739 2284 4792 ἂν
2295 4756 2319 4792 τ.
2334 4741 2381 4793 ἐπ.

374 4828 555 4891 ’καταφρουῆ
574 4823 659 4886 οὗτος
670 4825 715 4876 καί
733 4840 758 4877 τ.
771 4841 802 4889 ψ.
816 4829 988 4891 καταφρονέι
1006 4819 1168 4892 Pyth.118b
1186 4824 1283 4891 διόπερ
1296 4824 1338 4877 div
1349 4865 1355 4877 .
1367 4865 1373 4877 .
1384 4841 1415 4890 ψ.
1426 4824 1599 4890 καταφρόνει
1654 4824 1707 4877 300
1725 4826 1776 4890 μὲν
1794 4826 1964 4880 καταθέσθαι
1979 4825 2001 4878 V
2021 4824 2038 4893 (‘
2049 4827 2160 4895 quidem
2174 4823 2315 4882 defodere’
2331 4827 2383 4896 O);

380 4909 514 4966 ‘effodere
534 4908 587 4981 qus
608 4911 651 4966 Su·
664 4915 675 4978 ΙΙ
688 4909 756 4966 ‘non
776 4919 818 4966 est
836 4909 1028 4966 humanitatis'
1050 4913 1089 4967 X:
1108 4911 1177 4966 ‘non
1198 4920 1239 4966 est
1258 4913 1382 4966 virorum
1406 4906 1608 4966 humanorum’
1632 4913 1673 4979 κΙΙ
1685 4918 1759 4981 part.
1777 4917 1848 4980 post.
1867 4931 1920 4966 om.
1940 4913 1990 4984 ΧΙΙ
2002 4912 2135 4969 ‘auferre'
2148 4917 2384 4984 τάφαιρεῖσθαι,

379 4995 499 5054 ‘tollere'
518 5023 550 5046 =
562 5002 735 5068 ἀναιρεῖσθαι
753 5001 788 5056 ci.
808 5001 860 5054 263
882 5007 893 5062 ll
917 5003 988 5055 κατὰ
1007 5019 1060 5055 orn.
1080 5001 1102 5054 P
1122 5001 1200 5054 onii
1222 5000 1233 5069 ΙΙ
1254 4997 1325 5056 ‘est‘
1343 5006 1416 5071 post.
1436 5018 1488 5053 om.
1512 4999 1530 5052 J
1601 5001 1652 5052 301
1674 5001 1791 5054 ι-Ὅσα
1810 5001 1846 5068 V;
1866 5002 1901 5056 ei.
1921 5001 2003 5072 Pyth.
2022 5004 2074 5057 100
2091 5003 2206 5074 (Porph.
2226 5005 2269 5069 32)
2288 5006 2384 5072 σοφός

381 5085 511 5156 (συνετός
528 5105 554 5140 τ.
572 5088 590 5139 l.
610 5093 638 5140 et
657 5088 771 5158 Porph.)
791 5090 940 5156 ἄνθρωπος
959 5091 1004 5142 καί
1023 5090 1166 5157 θεοφιλής,
1189 5089 1220 5153 ῦς
1246 5093 1309 5152 (σπι.
1329 5087 1408 5142 codd.
1428 5087 1493 5155 aliq.
1515 5091 1543 5141 ei
1563 5087 1674 5157 Porph.]
1694 5090 1748 5144 ὅσα
1767 5091 1793 5145 ol
1813 5092 1891 5145 ἄλλοι
1910 5096 2047 5159 μοχθοῦσι
2066 5099 2118 5148 τοῦ
2138 5097 2270 5160 σώματος
2287 5095 2383 5155 ἕνεκα,

380 5181 507 5230 τοσαῦτα
525 5175 676 5230 σπουδάζει
696 5178 781 5241 αῦτδς
798 5179 870 5244 ὑπὲρ
888 5180 939 5242 τῆς
957 5180 1051 5243 ψυχῆς
1069 5180 1192 5242 πονῆσαι
1213 5176 1353 5244 (πονήσας
1373 5173 1475 5242 Porph.
1495 5173 1564 5238 cod.)
1581 5176 1593 5241 ΙΙ
1612 5177 1734 5241 πονέσος
1752 5177 1800 5230 PV
1816 5185 1830 5238 ΙΙ
1847 5176 1913 5246 ‘pro
1932 5196 1975 5232 an.
1995 5177 2056 5232 lab)
2078 5179 2217 5235 lVPBJw:
2238 5179 2307 5235 ‘lab.
2327 5199 2383 5250 pro

382 5265 434 5319 an?
453 5263 493 5333 τΙΙ
503 5261 657 5317 ‘laborares
671 5293 703 5304 —
715 5259 798 5320 esses’
820 5263 843 5318 U
914 5265 968 5318 302
983 5263 1062 5333 ‘quia
1076 5264 1195 5333 sapienti
1209 5263 1280 5318 nihil
1298 5262 1426 5330 estquod
1441 5261 1464 5314 ei
1478 5264 1590 5316 τοσσοίδ’
1608 5263 1631 5314 X
1644 5263 1657 5333 ll
1668 5261 1742 5333 ‘qui'
1764 5265 1789 5318 R
1810 5265 1922 5336 coddg
1941 5283 1995 5320 non
2016 5267 2156 5322 intellecto
2177 5274 2275 5323 neutro
2295 5267 2382 5339 (sap.

385 5357 427 5406 esi
446 5353 493 5420 qui
513 5369 566 5406 nou
586 5353 681 5406 nocet’
706 5353 728 5404 G
749 5359 777 5406 et
790 5351 924 5407 Peleia:
943 5351 1015 5422 ‘sap
1035 5357 1075 5407 est
1096 5353 1211 5421 quinon
1227 5352 1321 5406 docei'
1345 5351 1373 5418 S)
1438 5349 1491 5404 303
1510 5350 1544 5404 cf.
1556 5349 1658 5419 Porph.
1670 5352 1703 5404 12
1716 5353 1753 5405 ίο.
1766 5356 1778 5421 ll
1791 5349 1938 5407 ‘omnium’
1962 5353 2059 5408 VB2T:
2079 5354 2200 5410 ‘omnia'
2223 5375 2256 5426 zg
2269 5360 2281 5424 ll
2293 5359 2384 5424 πράτ-

381 5457 439 5506 τεις
456 5457 527 5494 corr.
546 5441 575 5494 in
594 5441 719 5509 πράττης
738 5440 787 5495 Vl:
806 5442 939 5509 πράττεις
953 5441 972 5494 Ρ
985 5439 1143 5510 ll‘socium'
1166 5441 1190 5494 X
1262 5441 1323 5494 304.
1343 5437 1526 5500 3050106
1552 5436 1651 5507 Ροτρίι.
1665 5441 1698 5492 10
1717 5439 1780 5504 θεὸς
1797 5441 1828 5494 δὲ
1847 5441 1999 5508 ἄνθρωπον
2019 5445 2074 5508 βεβ.
2094 5445 2259 5510 πράσσοντα
2279 5445 2352 5500 καλά
2371 5445 2388 5516 Η

382 5531 398 5584 ὁ
417 5546 470 5583 om.
489 5529 514 5582 V
533 5529 633 5598 Porph.
646 5533 658 5595 ll
671 5530 832 5598 ἀνθρώποις
851 5531 873 5584 V
892 5536 921 5584 et
940 5529 993 5599 i‘in
1013 5529 1168 5600 fidelibus')
1188 5532 1214 5584 Χ
1286 5527 1339 5584 305
1358 5526 1442 5595 Pyth.
1459 5527 1494 5579 64
1513 5525 1615 5596 Porph.
1639 5529 1670 5580 16
1690 5531 1762 5596 (post
1781 5529 1842 5596 304,
1862 5547 1915 5583 om.
1935 5531 2149 5599 lur1v=Pylh.
2168 5549 2193 5584 ι’.
2213 5531 2243 5600 ί.)
