5046 6802
742 1029 1059 1141 REOTOR
1096 1029 1199 1139 ΕΤ
1237 1029 1598 1144 SENATVS
1639 1066 1642 1072 ·

434 1245 846 1323 vurvnxsvrxms
874 1245 1221 1324 nnrnunrcnla
1251 1247 1587 1325 avrnannma
1616 1245 1908 1324 nannents

1076 1426 1283 1514 OlVIBVS

1164 1616 1203 1702 8.

219 1846 303 1904 Sexti
330 1846 548 1904 sententiarum
577 1845 690 1922 primus
713 1847 849 1904 meminit
872 1877 911 1887 -
934 1863 1005 1904 nam
1027 1847 1068 1902 de
1093 1846 1147 1904 Se·
1197 1850 1307 1909 Latine
1337 1851 1473 1908 redditas
1502 1851 1689 1910 coniunctim
1716 1850 1851 1908 exhibuit
1880 1870 1905 1910 a
1931 1853 2010 1912 1878
2032 1852 2165 1910 Ioannes

174 1971 254 2012 neca
277 1948 370 2005 dubia
393 1965 440 2004 res
463 1957 509 2004 est
531 1946 570 2016 (ν.
586 1947 627 2004 ad
642 1965 666 2008 s.
684 1941 759 2026 231)
781 1977 823 1987 —
846 1945 994 2024 Origenes
1018 1966 1043 2006 c.
1065 1946 1146 2008 Cels.
1199 1951 1510 2030 Gildemeister‚
1534 1952 1736 2010 antversitatis
1759 1961 1884 2010 nostrae
1905 1970 1959 2027 per
1976 1952 2088 2010 multos
2111 1972 2166 2011 an·

174 2074 204 2130 p.
229 2052 289 2111 397
312 2044 350 2124 (c.
373 2065 401 2110 a.
423 2067 453 2124 p.
469 2047 539 2107 Chr.
557 2067 584 2108 n.
602 2045 691 2122 tabl:
715 2043 960 2121 ὑπομνησθῆναι
976 2045 1147 2122 χαμιεστά-
1199 2069 1255 2110 nos
1287 2053 1382 2110 decus
1412 2052 1621 2128 columenque,
1650 2061 1681 2110 et
1709 2051 1752 2109 ita
1774 2054 1871 2111 edidit
1895 2063 1928 2111 ut
1950 2053 1989 2110 nil
2019 2055 2075 2112 nisi
2100 2057 2165 2130 ipsa

173 2172 234 2229 της
256 2147 387 2226 γνώμης
409 2147 428 2230 ᾐ
452 2146 503 2210 καὶ
525 2144 555 2210 οἱ
583 2144 699 2210 πολλοὶ
726 2147 793 2208 τών
814 2147 1008 2222 χριστιανών
1031 2143 1147 2220 ἀναγε·
1201 2153 1322 2212 Graeca
1342 2154 1432 2212 verba
1449 2153 1615 2212 desiderari
1638 2154 1759 2213 dixeris.
1790 2171 1862 2213 nam
1883 2154 1988 2228 paucis
2010 2156 2170 2214 sententiis

171 2250 337 2331 γραμμένῃ
362 2248 397 2312 ἐν
423 2250 493 2325 ταῖς
518 2246 637 2312 Σέξτου
660 2245 802 2323 γνώμαις
830 2244 1080 2323 ἐντυγχάνουσιν
1103 2245 1146 2324 (ν.
1201 2272 1277 2330 quas
1301 2265 1354 2313 aut
1364 2254 1545 2330 Porphyrius
1569 2263 1623 2314 aut
1644 2254 1789 2331 florilegia
1813 2275 1831 2310 e
1845 2253 1939 2313 Sexto
1960 2256 2172 2316 derivaverant

175 2358 217 2416 ad
233 2373 255 2414 s.
274 2348 345 2429 109)
361 2363 392 2410 et
414 2353 443 2410 in
458 2351 567 2410 Matth.
587 2355 633 2424 19,
652 2350 685 2409 3:
709 2347 790 2426 φησὶ
813 2347 849 2412 δὲ
872 2345 990 2424 Σέξτος
1013 2347 1049 2411 ἐν
1072 2349 1142 2424 ταῖς
1200 2357 1336 2432 exceptis
1360 2355 1479 2414 Graeca
1498 2356 1638 2430 exempla
1658 2365 1782 2414 exstare
1804 2371 1867 2412 non
1890 2357 2078 2417 videbantur.

172 2453 317 2530 γνώμαις
345 2449 454 2533 βιβλίῳ
479 2449 650 2532 φερομένῳ
678 2449 766 2526 παρὰ
793 2449 926 2525 πολλοῖς
953 2447 998 2527 ώς
1026 2448 1146 2530 δοκίμῳ
1229 2459 1379 2538 'Graecas
1392 2457 1475 2515 Sexti
1490 2456 1657 2516 sententias
1678 2458 1743 2532 lpse
1764 2457 1796 2514 in
1818 2458 1926 2515 codice
1939 2455 2088 2515 Vaticano
2107 2458 2168 2518 742

175 2556 215 2633 (v.
240 2558 281 2615 ad
304 2573 327 2616 s.
353 2557 401 2614 13.
425 2554 505 2626 278).
549 2555 664 2610 deinde
689 2547 740 2610 ‘in
763 2553 906 2612 Latinum
938 2547 1045 2610 vertit’
1078 2553 1150 2612 Sex·
1201 2559 1320 2636 repperi
1347 2559 1376 2619 d.
1402 2557 1461 2614 XV
1493 2576 1531 2618 m.
1555 2555 1732 2616 Decembris
1761 2557 1851 2635 1880,
1886 2543 1997 2619 eodem
2025 2561 2075 2618 die
2108 2577 2170 2636 quo

173 2669 249 2726 tum,
278 2653 388 2732 ‘quem
409 2655 534 2713 Sextum
564 2655 662 2730 ipsum
684 2672 751 2712 esse
776 2657 909 2722 tradunt,
940 2657 990 2730 qui
1018 2657 1049 2713 in
1073 2659 1146 2715 urbe
1200 2663 1328 2737 primum
1343 2657 1464 2734 ignatio
1484 2659 1596 2716 Guidi
1619 2659 1697 2716 duce
1720 2671 1881 2734 augustam
1906 2660 1986 2726 illam
2008 2661 2170 2720 bibliothe·
2253 2722 2255 2733 ,

175 2760 276 2818 Roma
296 2759 410 2834 Xystus
433 2765 568 2826 vocatur,
599 2757 738 2832 episcopi
760 2765 790 2813 et
813 2759 949 2831 martyris
969 2757 1066 2831 gloria
1088 2760 1143 2814 de·
1200 2779 1268 2820 cam
1294 2762 1446 2836 ingressus
1473 2777 1548 2822 sum.
1586 2778 1663 2836 quas
1690 2777 1760 2818 cum
1782 2759 1922 2820 Bonnam
1944 2762 2041 2820 redux
2063 2763 2169 2820 Gilde-
2256 2752 2262 2766 ²

176 2847 323 2928 coratus',
360 2859 487 2918 Rufinus
521 2857 729 2934 Aquileiensis,
763 2858 803 2915 de
834 2860 917 2916 cuius
945 2876 1040 2933 opera
1073 2857 1151 2916 haec
1200 2866 1345 2921 meistero
1356 2871 1557 2920 monstrarem
1574 2863 1662 2920 valde
1674 2861 1812 2920 hortatus
1825 2871 1871 2920 est
1886 2871 1918 2920 ut
1934 2880 2025 2939 quam
2041 2865 2170 2940 primum

179 2961 386 3039 Hieronymus
415 2963 444 3019 ln
467 2961 574 3020 Ierem.
597 2963 626 3030 4,
652 2960 689 3018 22
711 2968 744 3016 et
767 2958 854 3034 epist.
883 2959 924 3017 ad
947 2958 1082 3034 Ctesiph.
1111 2956 1150 3028 (a.
1201 2965 1343 3032 ederem;
1374 2981 1427 3020 cur
1454 2981 1515 3020 non
1544 2979 1674 3038 propere
1701 2973 1735 3020 ut
1757 2963 1857 3022 solent
1879 2965 2029 3022 ediderim
2052 2966 2077 3022 si
2103 2967 2172 3040 quis

177 3063 274 3135 dibl:
306 3057 499 3122 ‘miserabilis
522 3060 676 3120 Grunnius
699 3060 783 3117 Sexti
811 3059 992 3136 Pythagorei
1020 3059 1151 3116 hominis
1201 3066 1329 3140 quaerit,
1353 3065 1429 3123 scito
1451 3083 1502 3123 me
1523 3081 1586 3121 non
1609 3062 1659 3120 uni
1682 3061 1775 3121 Sexto
1802 3082 1926 3140 operam
1948 3065 2083 3142 dedisse,
2111 3069 2169 3124 sed

174 3165 367 3243 gentilissimi
390 3182 482 3221 unum
512 3162 619 3220 librum
640 3162 855 3236 interpretatus
884 3171 929 3220 est
951 3163 982 3218 ln
1006 3161 1149 3219 Latinum
1200 3167 1273 3223 lude
1297 3166 1409 3224 abillo
1432 3175 1569 3241 tempore
1597 3164 1700 3222 omnia
1724 3183 1802 3240 quae
1833 3166 1863 3222 in
1890 3166 2080 3226 bibliothecis
2105 3185 2169 3226 ser·

178 3268 343 3342 divisitque
367 3283 437 3322 eum
460 3265 492 3322 in
514 3264 576 3322 duo
597 3262 751 3320 volumina
773 3274 805 3321 et
828 3265 883 3321 sub
905 3265 1031 3321 nomine
1053 3265 1150 3320 sancti
1201 3269 1262 3325 vari
1284 3268 1464 3325 videbantur
1484 3265 1681 3340 gnomologia
1697 3265 1817 3326 Graeca
1837 3268 2071 3342 conquisivisse‚
2093 3286 2171 3344 quo·

175 3369 314 3446 martyris
325 3367 413 3444 Xysti
427 3365 508 3423 urbis
520 3366 680 3423 Romanae
696 3363 831 3439 episcopi
848 3381 940 3422 ausus
957 3373 1003 3421 est
1019 3357 1147 3422 edere':
1199 3387 1266 3427 rum
1291 3369 1447 3444 Ingentem
1474 3367 1586 3425 molem
1615 3367 1734 3424 interim
1760 3365 1803 3424 ita
1825 3367 1976 3444 digestam
2004 3369 2105 3426 habeo
2132 3379 2166 3428 ut

172 3467 222 3531 ‘in
256 3487 317 3546 quo
351 3471 435 3526 iuxta
463 3469 578 3542 dogma
605 3465 884 3544 Pythagoricorum,
914 3468 965 3542 qui
993 3465 1147 3524 hominem
1200 3488 1271 3528 mox
1293 3471 1411 3545 singula
1433 3470 1579 3544 deinceps
1594 3485 1656 3542 quo
1671 3468 1764 3525 decet
1775 3468 1869 3526 modo
1885 3469 2019 3544 prolerre
2041 3487 2163 3545 queam.

175 3580 352 3648 exaequant
375 3570 436 3626 deo
451 3577 483 3626 et
497 3573 537 3628 de
552 3569 617 3627 eius
632 3568 739 3626 dicunt
759 3585 827 3626 esse
850 3568 1032 3634 substantia,
1054 3567 1148 3624 multa
1200 3571 1374 3629 accedebat
1396 3578 1497 3628 tamen
1520 3568 1613 3626 aliud.
1636 3569 1749 3626 etenim
1769 3587 1796 3629 a.
1816 3569 1894 3628 1876
1918 3569 1951 3628 L.
1965 3569 2165 3629 Duchesne

134 3708 139 3722 ·
178 3678 221 3733 de
253 3673 441 3750 perfectione
471 3672 622 3738 dicuntur,
658 3679 690 3728 ut
724 3670 774 3744 qui
802 3669 943 3728 volumen
972 3668 1143 3746 philosophi
1202 3672 1364 3739 Parisinus,
1388 3673 1430 3728 vir
1445 3671 1640 3729 doctissimus
1663 3677 1693 3728 et
1715 3671 1756 3727 de
1778 3671 1885 3728 studiis
1907 3671 1982 3728 meis
2003 3671 2165 3748 gnomolo-

177 3777 319 3835 nesciunt
342 3774 397 3830 sub
420 3771 556 3846 martyris
585 3771 708 3830 nomine
736 3771 842 3829 bibant
867 3771 908 3828 de
936 3788 1030 3830 aureo
1053 3771 1147 3829 calice
1200 3775 1277 3852 gicis
1299 3773 1508 3830 meritissimus
1531 3769 1623 3846 (ultro
1638 3772 1719 3829 enim
1742 3771 1813 3828 mihi
1836 3772 1944 3829 obtulit
1966 3774 2168 3849 apographon

182 3862 372 3952 Babylonis';
396 3883 502 3932 contra
521 3867 619 3928 ‘nulla
642 3871 759 3941 Christi,
786 3872 868 3930 nulla
894 3872 1014 3947 spiritus
1042 3873 1150 3940 sancti,
1201 3875 1345 3932 Melissae
1361 3873 1541 3931 Patmiensis
1564 3873 1670 3931 codfi
1694 3890 1774 3932 saec.
1790 3872 1849 3929 ΧΠ
1871 3890 1989 3930 summa
2011 3891 2082 3931 cum
2097 3892 2172 3934 cura

179 3980 263 4037 nulla
290 3976 341 4034 dei
370 3976 473 4052 patris,
500 3975 581 4033 nulla
605 3971 850 4050 patriarcharum,
877 3972 1094 4049 prophetarum
1115 3983 1146 4029 et
1201 3977 1240 4034 ab
1262 3978 1326 4053 ipso
1348 3967 1545 4049 consectum),
1574 3971 1792 4058 ln'Patmiensi
1820 3975 1928 4032 codice
1951 3976 2011 4033 263
2036 3993 2115 4036 saec.
2140 3976 2169 4036 X
2261 4036 2263 4045 ,

178 4080 391 4158 apostolorum
410 4079 442 4134 fit
457 4077 572 4134 mentio
588 4085 619 4132 et
643 4073 722 4132 hunc
740 4074 847 4132 librum
868 4074 956 4130 solita
979 4075 1149 4132 temeritate
1203 4076 1470 4156 Sexti-'sententias
1486 4051 1759 4132 inesseffinrnr
1774 4069 1876 4150 (nich.
1897 4077 1953 4134 des
1968 4079 2051 4136 miss.
2067 4078 2168 4134 scien·

177 4195 212 4241 et
228 4184 346 4264 insania
362 4178 493 4237 Anulum
509 4177 682 4243 nominavit,
705 4176 758 4251 qui
779 4193 834 4250 per
855 4176 962 4232 multas
979 4175 1148 4250 provincias
1191 4151 1290 4250 fif&
1303 4182 1330 4252 3,
1343 4178 1418 4250 4403
1443 4195 1523 4234 nunc
1544 4173 1780 4235 etSakkelionis
1796 4177 1970 4252 catalogum
1986 4179 2056 4238 bibl.
2073 4177 2169 4240 Patm.
2259 4202 2263 4214 ·

179 4285 289 4360 legitur
310 4289 341 4338 et
364 4280 494 4338 maxime
528 4278 566 4335 ab
596 4277 641 4334 hle
671 4277 722 4352 qui
745 4271 903 4337 ἀπάθειαν
923 4283 955 4332 et
976 4275 1152 4352 impeccan·
1206 4282 1287 4341 1890
1301 4298 1330 4356 p.
1349 4275 1431 4348 129),
1448 4296 1509 4352 quo
1525 4278 1633 4336 codice
1649 4295 1741 4353 aegre
1753 4279 1902 4338 carebam.
1932 4278 1989 4335 sed
2008 4287 2173 4354 postquam

179 4387 253 4444 tiam
283 4364 477 4462 praedicant'
505 4376 535 4452 (i
558 4397 585 4436 e.
609 4376 808 4452 Pelagianis);
837 4372 895 4436 ‘ita
924 4376 1070 4449 lectorem
1098 4381 1153 4436 ob·
1203 4383 1234 4440 in
1258 4379 1442 4438 Bucovinam
1471 4379 1590 4436 delatus
1619 4397 1692 4448 sum,
1722 4382 1847 4438 tandem
1869 4379 1996 4438 Sextum
2018 4380 2060 4436 ad
2082 4377 2170 4438 Vati·

181 4503 268 4545 secro
291 4492 325 4540 ut
346 4481 495 4540 nefarium
512 4480 618 4536 librum
634 4463 759 4539 abicIat’
779 4497 845 4556 sqq.
862 4478 962 4538 Rufini
978 4479 1150 4536 versionem
1208 4500 1319 4542 canum
1341 4480 1514 4558 exemplum
1534 4481 1676 4539 constitui
1698 4497 1734 4538 ac
1757 4481 1841 4556 prelo
1863 4481 2016 4555 parabam,
2039 4498 2109 4539 cum
2131 4482 2174 4538 in·

177 4589 273 4665 ipsius
301 4584 416 4660 Pelagii
445 4594 478 4640 et
504 4579 629 4638 Sextum
659 4579 830 4638 Romanum
866 4581 1044 4655 episcopum
1077 4599 1145 4638 esse
1206 4593 1361 4660 speratum
1383 4583 1454 4639 mihi
1477 4583 1557 4640 misit
1578 4581 1729 4640 Henricus
1746 4580 1907 4638 Schenkl
1923 4581 2173 4639 Vindobonensis

180 4686 369 4764 aliquamdiu
392 4683 509 4759 putavit
530 4681 727 4756 Augustinus,
748 4674 821 4738 ‘sed
842 4691 952 4766 postea
974 4682 1047 4756 legit
1069 4680 1152 4739 Sexti
1208 4685 1388 4744 Patmiensis
1417 4683 1618 4760 apographon
1647 4683 1755 4740 Emilio
1789 4682 1937 4740 Reiseh
1966 4683 2178 4740 intercedente

181 4786 355 4866 philosophi
377 4803 454 4852 esse,
481 4801 543 4850 non
567 4783 654 4858 Xysti
683 4769 851 4842 christiani'
881 4781 1013 4858 (retract.
1037 4787 1066 4858 2,
1089 4777 1153 4858 42).
1208 4806 1233 4846 a.
1258 4786 1337 4845 1887
1361 4785 1417 4843 sibi
1440 4794 1657 4859 comparatum.
1696 4785 1756 4840 iam
1779 4801 1855 4858 opus
1880 4783 2076 4841 reficiendum
2100 4793 2176 4856 erat,

181 4899 373 4968 quantopere
403 4887 517 4944 deiude
548 4886 700 4943 lectitatus
732 4887 770 4942 sit
792 4885 909 4942 Anulus
931 4882 1030 4942 Rufini
1060 4892 1154 4942 testes
1208 4905 1311 4962 neque
1336 4904 1407 4943 vero
1431 4901 1535 4943 morae
1560 4884 1719 4960 paenituit.
1752 4901 1823 4942 nam
1852 4885 1893 4942 ita
1917 4903 1981 4942 rem
2003 4903 2036 4943 se
2060 4885 2175 4943 habere

180 5001 254 5050 sunt
274 4999 307 5047 et
322 4988 465 5046 codicum
488 4983 630 5062 (quorum
652 5003 764 5059 agmen
785 4984 870 5043 ducit
893 4984 1074 5043 clarissimus
1099 5003 1152 5043 co·
1210 5007 1280 5046 mox
1302 4988 1451 5046 intellexi:
1477 5005 1545 5044 cum
1568 4985 1734 5044 Vaticanus
1762 5004 1780 5044 a
1803 4985 1913 5044 Rufino
1936 4987 2113 5063 saepissime
2135 4967 2193 5046 ita*

184 5096 246 5152 dcx
266 5083 509 5148 SalmasianusA
531 5088 582 5162 qui
599 5087 756 5162 epitomen
778 5080 920 5160 servavit)
945 5097 976 5144 ct
995 5105 1050 5162 per
1073 5104 1153 5148 saec.
1209 5091 1385 5148 discederet
1406 5098 1440 5147 ut
1461 5090 1501 5145 de
1517 5088 1616 5146 Rufini
1638 5087 1779 5163 exemplo
1800 5105 1925 5162 prorsus
1948 5087 2177 5162 desperandum

185 5192 259 5252 XVI
282 5199 313 5248 et
330 5189 417 5246 XVII
439 5189 608 5246 editionum
631 5205 760 5264 magnus
784 5205 938 5248 numerus.
969 5190 1082 5248 deinde
1095 5189 1158 5264 Syri
1209 5200 1300 5256 esset,
1325 5189 1503 5248 Patmiensis
1526 5190 1607 5247 adeo
1628 5207 1698 5246 cum
1720 5187 1881 5246 Rufiniano
1904 5189 2043 5264 congruit
2071 5197 2103 5247 ut
2126 5189 2172 5246 vel
2237 5205 2240 5210 ·

181 5312 308 5372 quoque
334 5281 435 5350 ‘dicta
470 5309 492 5351 s.
525 5289 612 5362 Xysti
641 5288 778 5365 episcopi
808 5286 952 5346 Romani'
987 5300 1150 5362 verterunt,
1207 5292 1317 5349 eadem
1340 5292 1453 5348 menda
1469 5293 1612 5349 Rufinum
1633 5289 1824 5365 interpretari
1846 5289 1963 5360 videam
1989 5289 2171 5348 Vaticanam

181 5413 266 5473 quae
288 5412 326 5451 ex
348 5392 503 5450 codicibus
525 5391 634 5466 partim
657 5407 736 5450 saec.
760 5389 803 5448 VI
824 5390 948 5465 Syriace
970 5390 1068 5447 edidit
1084 5390 1154 5448 La·
1207 5404 1311 5449 autem
1336 5391 1546 5449 recensionem
1568 5391 1631 5465 Syri
1659 5391 1756 5449 secuti
1784 5398 1862 5464 sunt,
1894 5391 1936 5448 ita
1964 5397 1997 5447 ut
2026 5392 2067 5448 de
2089 5389 2172 5450 Sexti

185 5497 309 5572 garde
335 5493 472 5552 Analect.
495 5489 558 5567 Syr.
585 5491 663 5549 1858
686 5509 714 5565 p.
733 5493 844 5568 9-31,
869 5495 918 5552 10.
964 5493 1065 5552 Rufini
1088 5512 1153 5552 ver·
1208 5493 1304 5551 verbis
1326 5494 1385 5551 iam
1401 5503 1450 5550 sat
1465 5502 1549 5550 certo
1565 5491 1723 5550 diiudicari
1745 5493 1851 5568 possit.
1887 5491 1990 5567 itaque
2013 5509 2095 5549 nunc
2117 5492 2176 5550 ite·

184 5601 305 5655 sionem
328 5614 367 5653 ex
389 5594 546 5652 codicibus
570 5593 739 5651 restitutam
755 5602 785 5650 et
798 5592 937 5667 Syrorum
959 5595 1155 5652 recensiones
1208 5612 1273 5651 rum
1296 5591 1433 5650 Bonnam
1456 5593 1552 5650 redux
1576 5592 1665 5650 fidem
1688 5595 1799 5651 totiens
1822 5593 1925 5652 amicis
1951 5593 2056 5650 datam
2077 5593 2174 5661 solvo,

2128 5665 2255 5782 qest.
