5046 6802
753 969 800 1046 A.
841 971 1052 1074 Appendr'x
1077 977 1346 1048 sententiarum
1374 973 1493 1048 Sexti.

171 1142 254 1200 Sexti
276 1140 498 1200 sententiarum
519 1149 638 1218 partein
663 1158 733 1198 cum
755 1159 852 1216 nuper
875 1141 1002 1198 ederem
1024 1141 1111 1224 (pl
1153 1142 1324 1200 sententiae
1356 1139 1491 1214 (1-451
1521 1139 1604 1216 dico)
1631 1142 1769 1202 liberiore
1795 1143 1888 1202 modo
1918 1146 1960 1206 ita
1983 1163 2016 1203 se
2043 1148 2124 1206 exci-

126 1244 292 1302 s.1-451
318 1260 387 1299 cum
410 1243 551 1300 versione
562 1241 663 1299 Rufini
684 1261 710 1300 v.
730 1242 793 1300 ind.
816 1241 909 1302 schol.
925 1243 1023 1304 Bonn.
1038 1243 1099 1304 hib.
1151 1243 1237 1318 piant
1260 1251 1292 1300 ut
1315 1243 1477 1302 maximam
1498 1253 1617 1318 partem
1639 1245 1792 1319 posterior
1818 1263 1956 1321 quaeque
1977 1265 2015 1303 ex
2037 1255 2124 1304 ante·

128 1336 393 1422 1891l2),praeter
402 1344 527 1401 codices
536 1336 765 1416 P(atmiensem)
777 1343 828 1418 qui
840 1341 1100 1407 inscribititirou
1152 1343 1275 1400 cedenti
1297 1345 1383 1418 quasi
1402 1343 1484 1402 iilum
1507 1347 1602 1402 ducat
1624 1354 1656 1401 et
1676 1347 1833 1422 paullatim
1856 1365 1903 1406 res
1925 1350 1967 1406 ad
1989 1349 2048 1407 alia
2070 1351 2122 1407 de·

123 1445 250 1517 γνῶμαι
279 1452 310 1502 et
331 1437 542 1518 V(aticanum)
564 1443 803 1519 anepigraphum
828 1452 951 1520 praesto
980 1445 1100 1504 luerunt
1151 1445 1298 1516 flectatur,
1332 1464 1401 1520 app.
1424 1445 1437 1502 1
1460 1465 1484 1504 s.
1509 1449 1674 1508 tta-555
1703 1449 1745 1505 ita
1774 1457 1845 1506 sunt
1875 1449 2063 1524 compositae
2090 1461 2125 1510 ut

126 1546 281 1604 versiones
294 1545 404 1603 Latina
416 1539 544 1620 Rlufini)
561 1553 592 1602 et
607 1543 749 1618 Syrorum
766 1545 855 1618 duae,
872 1545 986 1622 integra
1002 1547 1098 1605 altera
1148 1545 1250 1619 plures
1274 1545 1406 1603 eandem
1428 1565 1493 1604 rem
1513 1556 1658 1623 spectent
1680 1559 1711 1606 et
1733 1560 1890 1624 tamquam
1905 1551 1934 1608 in
1952 1552 2054 1625 capita
2071 1571 2124 1612 eas

124 1641 285 1723 (It-:Xy
308 1645 404 1704 altera
425 1647 544 1702 brevior
565 1641 697 1719 (I=x).
730 1661 799 1701 eam
821 1655 924 1703 autem
947 1648 1097 1704 rationem
1149 1646 1313 1704 discribere
1335 1649 1447 1722 possis:
1471 1649 1502 1705 in
1525 1650 1634 1725 quibus
1658 1653 1729 1708 sunt
1751 1669 1827 1709 sane
1850 1669 1929 1726 quae
1951 1651 2044 1710 Sexto
2067 1655 2124 1712 de·

125 1747 203 1805 inter
227 1765 333 1804 omnes
356 1748 549 1804 intercedere
570 1747 712 1812 vidimus,
738 1754 772 1803 ut
794 1745 922 1804 Rufinus
944 1749 1004 1808 451
1031 1758 1097 1806 tan·
1148 1763 1219 1804 esse
1240 1749 1356 1804 mireris
1379 1749 1460 1806 velut
1486 1747 1559 1824 περὶ
1584 1748 1754 1826 βασιλέως,
1790 1749 1956 1828 πατρίδος,
1989 1751 2123 1836 γονέων,

126 1857 191 1906 mm
212 1849 328 1924 priores
349 1847 518 1905 sententias
538 1849 670 1914 verterit,
695 1849 784 1922 longe
806 1848 908 1922 plures
931 1849 991 1905 sint
1014 1850 1097 1906 etin
1143 1843 1221 1921 ’περὶ
1249 1848 1408 1919 γυναικῶν
1436 1851 1477 1906 de
1504 1851 1611 1924 quibus
1642 1869 1741 1926 pauca
1768 1855 1911 1928 leguntur
1941 1873 1964 1916 s.
1989 1857 2123 1918 235-7.

125 1950 281 2008 codicibus
304 1935 335 2007 ct
358 1950 441 2024 apud
457 1947 558 2021 Syros.
592 1950 714 2005 namin
737 1948 783 2005 his
806 1950 888 2007 nulla
903 1951 1099 2009 distinctione
1149 1949 1338 2006 monendum
1358 1958 1461 2007 tamen
1484 1959 1531 2008 est
1553 1951 1642 2010 huius
1666 1954 1962 2030 dispositionisnon
1976 1960 2007 2016 in
2023 1977 2044 2017 s.
2062 1961 2125 2018 toa

126 2050 209 2108 iacta
241 2060 294 2108 aut
325 2067 405 2108 nova
434 2049 632 2124 inscriptione
661 2052 843 2125 interposita
875 2052 1099 2112 continuantur.

125 2168 209 2208 nunc
230 2169 300 2208 cum
323 2150 509 2226 appendices
531 2167 693 2206 recensere
715 2152 745 2208 in
768 2151 871 2208 animo
894 2153 941 2220 sit,
965 2171 1027 2210 non
1050 2172 1100 2210 so·

127 2253 188 2310 lum
209 2251 318 2308 Rufino
343 2251 395 2326 qui
417 2249 582 2309 Patmiensi
604 2269 624 2307 a
647 2251 742 2308 latere
764 2268 833 2310 esse
860 2251 981 2310 solebat
1004 2254 1098 2312 desti·

126 2355 185 2411 tuti
211 2370 323 2422 sumus,
361 2354 418 2410 sed
444 2370 484 2408 ne
505 2350 626 2426 reliquis
653 2351 777 2425 quidem
800 2369 897 2427 aeque
926 2356 968 2411 uti
991 2372 1099 2430 possu-

124 2471 202 2523 mus,
230 2471 298 2512 cum
323 2472 386 2510 non
414 2453 515 2510 omnia
541 2469 621 2527 quae
647 2461 763 2510 restant
791 2471 898 2511 omnes
934 2455 1100 2514 exhibeant

125 2573 228 2631 neque
250 2557 281 2612 in
301 2555 346 2612 eis
369 2572 448 2628 quae
475 2555 596 2611 addunt
618 2553 659 2610 ita
684 2562 716 2611 ut
742 2555 773 2610 in
794 2555 945 2629 prioribus
968 2574 1099 2615 consen·

127 2658 214 2716 tiant.
249 2655 385 2713 omnium
408 2655 499 2731 longe
522 2654 776 2728 locupletissimus
792 2665 839 2713 est
852 2655 879 2712 V
894 2659 946 2732 qui
966 2660 1099 2733 pertinet

125 2776 222 2833 usque
245 2759 332 2816 ads
357 2760 428 2828 610,
457 2757 487 2812 in
510 2775 533 2815 s.
559 2758 620 2816 555
650 2756 772 2831 explicit
795 2775 812 2812 x
839 2753 894 2832 (de
920 2759 1030 2815 ceteris
1062 2759 1098 2816 cl,

124 2861 168 2916 ad
188 2860 274 2936 555),
298 2859 327 2914 in
350 2875 374 2918 s,
391 2858 451 2918 587
470 2859 498 2914 X
517 2857 602 2914 cuius
626 2866 729 2914 tamen
751 2875 864 2931 magna
886 2877 956 2933 pars
983 2855 1096 2934 (486-

124 2956 202 3034 532)
224 2961 335 3018 lacuna
357 2960 519 3034 absumpta
542 2975 612 3016 esse
634 2957 753 3014 videtur
773 2955 824 3032 (cl.
841 2959 934 3017 etiam
956 2961 997 3018 ad
1012 2955 1098 3036 595).

127 3073 222 3138 atque
241 3061 274 3118 hi
298 3069 331 3118 ut
349 3069 440 3118 antea
463 3059 631 3116 consociati
653 3060 786 3116 eundem
808 3061 945 3118 ordinem
971 3070 1002 3118 et
1025 3080 1099 3119 ean·

127 3166 199 3221 dem
222 3164 252 3220 in
273 3162 398 3219 delectu
420 3161 564 3218 habendo
586 3161 736 3217 rationem
759 3171 917 3230 secuntur;
942 3161 1042 3220 differt
1065 3162 1098 3232 P,

127 3265 179 3340 qui
204 3281 302 3338 usque
324 3264 365 3320 ad
387 3279 409 3320 s.
429 3263 493 3320 555
517 3278 623 3318 omnes
646 3261 807 3336 descripsit
827 3281 888 3320 una
909 3273 962 3321 aut
978 3265 1098 3324 duabus

127 3366 265 3441 exceptis
289 3373 321 3420 et
343 3380 424 3420 nunc
448 3363 477 3419 in
500 3361 567 3437 ipsa
590 3381 613 3420 e.
632 3365 689 3420 555
711 3380 781 3418 cum
802 3364 967 3437 xexplieit‚
990 3367 1030 3422 de
1053 3384 1097 3422 re-

128 3467 216 3542 liquis
238 3465 363 3523 insolito
377 3481 461 3520 more
480 3465 519 3522 10
539 3472 657 3519 tantum
673 3463 792 3536 selegit,
815 3483 930 3539 easque
950 3483 1013 3522 uon
1028 3475 1099 3542 post

125 3586 149 3626 s.
174 3568 234 3626 555
264 3565 405 3632 collocat,
433 3564 490 3620 sed
518 3563 597 3619 inter
624 3564 705 3637 ipsas
733 3565 799 3622 illas
830 3583 853 3623 s.
877 3568 933 3624 451
971 3576 1004 3623 et
1037 3570 1096 3626 452

127 3701 168 3710 -
190 3686 262 3726 nam
284 3667 422 3724 foliorum
446 3664 684 3746 transpositione
703 3663 802 3740 quaP
826 3664 918 3722 foede
942 3668 1098 3725 turbatum

125 3787 194 3828 esse
217 3769 428 3842 cognovimus,
461 3766 538 3823 haee
561 3766 629 3822 loco
652 3775 737 3842 mota
763 3783 825 3823 non
847 3774 926 3827 sunt.
964 3767 1002 3824 ab
1025 3769 1098 3844 ipsis

126 3871 216 3946 igitur
238 3869 319 3927 libris
342 3869 451 3943 quibus
478 3865 561 3924 Sexti
585 3869 756 3923 sententiae
786 3877 926 3924 servatae
956 3879 1026 3926 sunt
1053 3871 1098 3926 in*

126 3972 266 4028 ducimur
287 3981 319 4026 ut
343 3971 439 4026 varias
461 3980 564 4043 partes
586 3969 813 4027 discernamus:

101 4073 253 4148 ‚primum
396 4089 417 4128 s,
484 4069 605 4128 1—451
630 4087 667 4124 ex
684 4067 814 4126 PVXxR
835 4089 931 4146 nuper
953 4073 1064 4150 editas,

125 4173 239 4230 deinde
263 4189 333 4247 app.
358 4171 372 4228 1
395 4189 418 4229 s.
441 4171 607 4230 452-555
630 4171 662 4226 in
685 4169 789 4226 PVXx

347 4272 375 4328 ll
396 4289 420 4330 s.
443 4273 609 4331 556-581
632 4271 663 4328 in
686 4269 766 4327 PVX

333 4372 375 4429 111
398 4391 422 4432 s,
445 4373 613 4432 588-610
634 4374 664 4428 15
685 4371 739 4428 PV
755 4383 921 4448 exstantes,
938 4377 994 4432 sed
1009 4377 1098 4434 itaut

1151 2049 1208 2105 sed
1235 2049 1266 2106 in
1294 2065 1316 2108 s.
1340 2051 1401 2110 453
1433 2051 1551 2109 initium
1578 2051 1639 2110 lieri
1672 2065 1704 2112 et
1730 2058 1898 2115 sententias
1928 2056 1998 2133 περὶ
2021 2054 2123 2135 ἀρχῆς

1150 2151 1207 2206 sub
1229 2151 1319 2207 finem
1342 2153 1459 2225 positas
1490 2153 1553 2210 fere
1581 2156 1681 2213 redire
1704 2158 1745 2213 ad
1767 2168 1979 2233 argumentum
2001 2163 2122 2236 ecloga·

1149 2267 1215 2306 rum
1236 2253 1305 2311 453
1334 2261 1365 2309 et
1392 2254 1453 2312 454
1474 2271 1558 2330 sqq.;
1594 2275 1716 2330 prorsus
1740 2258 1827 2318 aliter
1849 2278 1896 2317 res
1920 2281 1953 2319 se
1977 2263 2070 2320 habet
2092 2266 2124 2322 iu

1150 2368 1220 2425 app.
1242 2351 1307 2408 lla
1330 2363 1361 2410 et
1383 2353 1412 2429 b,
1447 2373 1517 2412 nam
1545 2365 1578 2412 et
1607 2359 1772 2418 556-577
1802 2369 1833 2418 et
1861 2363 2025 2423 ote-587
2052 2384 2123 2424 sen-

1149 2452 1264 2509 tentiae
1295 2461 1367 2510 sunt
1396 2457 1436 2512 de
1466 2457 1527 2513 deo
1557 2452 1706 2534 (exceptis
1729 2481 1752 2519 s.
1774 2462 1834 2519 569
1856 2459 1947 2540 sqq.).
1990 2467 2124 2542 denique

1150 2569 1221 2626 app.
1241 2551 1283 2610 llI
1306 2571 1329 2614 s.
1353 2557 1520 2616 588—610
1544 2575 1582 2616 ea
1611 2577 1643 2616 re
1674 2561 1816 2618 dilierunt
1844 2567 1928 2640 quod
1956 2568 2124 2640 permultae

1150 2654 1323 2710 sententiae
1357 2657 1388 2712 in
1417 2657 1451 2714 iis
1482 2669 1641 2716 recurrunt
1670 2681 1708 2718 ex
1740 2664 1812 2737 ipsis
1842 2664 1925 2724 Sexti
1951 2686 1975 2726 s.
2000 2672 2120 2730 1—451

1149 2754 1314 2831 derivatae,
1345 2775 1414 2814 cum
1447 2759 1476 2815 in
1498 2778 1568 2835 app.
1593 2758 1605 2816 1
1628 2769 1660 2818 et
1682 2761 1710 2818 Il
1733 2765 1862 2822 eaedem
1884 2785 1948 2823 non
1968 2767 2124 2828 invenian-

1150 2865 1205 2924 tur,
1230 2857 1300 2914 licet
1321 2875 1416 2933 saepe
1439 2859 1532 2917 Sexto
1560 2870 1623 2920 tam
1652 2865 1841 2940 propinquae
1867 2868 1928 2925 sint
1951 2879 1985 2926 ut
2006 2889 2043 2928 ex
2065 2872 2123 2931 illis

1149 2957 1271 3014 fluxisse
1293 2959 1461 3018 videantur.
1508 2962 1565 3018 sed
1588 2963 1628 3019 de
1656 2965 1701 3021 his
1731 2967 1820 3025 rebus
1850 2967 1943 3026 fusius
1968 2973 2124 3044 agendum

1150 3059 1216 3127 erit,
1237 3059 1286 3117 ubi
1309 3062 1520 3136 quaestionem
1543 3065 1584 3122 de
1607 3065 1710 3124 indole
1733 3078 1826 3144 atque
1849 3071 1965 3146 origine
1988 3083 2019 3131 et
2039 3075 2124 3134 Sexti

1150 3161 1366 3219 sententiarum
1389 3171 1419 3220 et
1441 3166 1646 3239 appendicum
1669 3171 1889 3246 aggrediemur.

1192 3263 1221 3318 in
1252 3271 1336 3319 textu
1365 3264 1585 3323 constituendo
1613 3277 1705 3342 atque
1732 3271 1763 3327 in
1785 3283 1933 3346 apparatu
1956 3279 2121 3336 condendo

1150 3365 1283 3420 eandem
1305 3365 1455 3422 rationem
1477 3375 1601 3425 secutus
1624 3387 1690 3427 sum
1706 3380 1799 3446 atque
1822 3373 1852 3429 in
1875 3376 2030 3450 prioribus.
2063 3380 2122 3436 sed

1150 3481 1212 3538 quo
1235 3464 1352 3522 facilius
1380 3467 1476 3524 oculis
1498 3470 1818 3543 comprehenderetur,
1842 3477 1916 3550 quid
1939 3479 2068 3555 quisque
2090 3482 2121 3539 in

1150 3567 1238 3623 variis
1262 3569 1398 3642 partibus
1415 3573 1595 3639 servaverit,
1626 3590 1707 3630 nunc
1737 3575 1862 3650 singulis
1885 3579 2045 3637 sententiis
2070 3599 2122 3639 co-

1150 3665 1253 3723 dicum
1275 3675 1364 3725 notas
1387 3687 1544 3745 apponere
1565 3690 1657 3747 quam
1674 3679 1835 3751 apparatui
1851 3679 2039 3738 confundere
2057 3701 2121 3739 ma-

1150 3765 1198 3826 lui.
1235 3768 1377 3844 Syrorum
1393 3773 1517 3847 quidem
1539 3775 1727 3849 appendices
1750 3794 1811 3833 una
1836 3796 1904 3837 cum
1926 3781 2048 3856 reliquis
2069 3802 2121 3841 ex·

1149 3867 1244 3924 hibuit
1256 3867 1482 3940 Gildemeister‚
1506 3875 1562 3930 sed
1585 3877 1729 3949 quoniam
1742 3878 1843 3938 Rufini
1865 3893 1918 3939 aut
1932 3881 2119 3943 Graecorum

1149 3961 1290 4027 codicum
1312 3989 1372 4047 ope
1394 3990 1456 4030 nou
1480 3976 1629 4046 utebatur,
1654 3981 1757 4035 omnia
1780 3991 1866 4038 recte
1887 3985 2052 4058 disponere
2075 3997 2119 4044 at·

1149 4087 1209 4146 que
1232 4072 1263 4128 in
1285 4074 1424 4132 ordinem
1446 4075 1585 4150 redigere
1618 4097 1680 4135 non
1708 4083 1843 4156 contigit,
1877 4101 1971 4160 quare
1998 4086 2122 4164 insuper

1149 4170 1291 4246 Syrorum
1322 4187 1521 4252 conspectum
1545 4179 1708 4254 unicuique
1731 4183 1861 4256 paginae
1885 4186 2010 4246 subieci.
2051 4207 2119 4246 cum

1148 4273 1275 4333 Rufinus
1299 4276 1454 4344 deiiceret,
1476 4278 1579 4350 paullo
1603 4280 1713 4356 largior
1736 4283 1776 4340 lui
1798 4283 1829 4340 in
1851 4285 1991 4360 Syrorum
2014 4289 2118 4347 lectio·

1148 4374 1237 4432 nibus
1266 4375 1439 4444 afferendis,
1472 4380 1529 4436 sed
1553 4399 1593 4436 ne
1620 4401 1701 4441 nunc
1727 4385 1851 4460 quidem
1874 4389 1976 4444 omnia
2002 4389 2120 4448 illorum

124 4475 202 4532 Pin
225 4471 628 4548 s.556-6to=app.11.
653 4473 695 4530 111
717 4475 868 4548 epitomes
890 4473 983 4534 instar
1005 4477 1043 4534 sit
1065 4488 1096 4535 et
1147 4475 1418 4550 interpretamenta
1434 4481 1610 4538 describere
1631 4484 1754 4558 placuit.
1788 4505 1930 4545 numeros
1947 4473 2120 4550 continuavi

125 4594 195 4652 app.
215 4575 252 4634 ll.
276 4575 323 4632 Ill
346 4585 418 4632 ante
441 4593 511 4650 app.
533 4575 547 4631 I
569 4586 680 4650 ponat;¹
708 4593 779 4651 app.
801 4576 829 4633 ΙΙ
855 4584 958 4634 autem
988 4577 1097 4635 iterum
1147 4577 1272 4656 priores,
1295 4579 1337 4637 ita
1359 4582 1440 4637 enim
1456 4583 1557 4639 variae
1579 4592 1683 4658 partes
1705 4585 1818 4644 facilius
1834 4589 1981 4661 distingui
1996 4602 2027 4648 et
2042 4592 2121 4650 inter

123 4678 266 4752 bipertita
287 4685 344 4743 est,
370 4693 442 4734 nam
465 4695 489 4733 s.
512 4676 678 4735 556-517
701 4676 731 4732 in
755 4677 912 4735 codicibus
934 4677 965 4734 X
987 4676 1030 4749 (et
1053 4677 1094 4754 Vl
1147 4695 1181 4734 se
1204 4682 1373 4754 comparari
1396 4698 1487 4756 posse
1502 4684 1698 4758 videbantur;
1721 4687 1751 4744 in
1767 4704 1836 4763 app.
1852 4689 1865 4745 l
1882 4691 1997 4748 deinde
2017 4703 2120 4767 partes

124 4797 190 4839 as.
213 4778 379 4838 578-587
405 4785 595 4851 separantur,
625 4787 657 4833 et
680 4775 702 4832 P
728 4787 810 4834 certe
831 4797 871 4835 ex
898 4778 953 4835 illis
976 4787 1096 4837 tantum
1147 4795 1202 4837 seu
1231 4783 1332 4856 capita
1362 4800 1442 4857 quae
1470 4785 1532 4840 dixi
1558 4785 1695 4843 diductis
1720 4787 1824 4846 litteris
1847 4791 1988 4852 indicavi.
2033 4795 2121 4854 attuli

123 4898 147 4940 s.
171 4881 242 4952 569,
265 4880 338 4937 inde
360 4895 378 4933 a
402 4895 425 4934 e.
451 4879 508 4936 578
532 4879 617 4952 plura
639 4877 735 4937 affert.
1146 4891 1306 4956 praeterea
1330 4893 1364 4940 ut
1391 4896 1484 4943 antea
1516 4883 1735 4967 Clit(archum),
1772 4889 2014 4972 Pythlagoram),
2045 4895 2121 4955 Por·

166 4983 198 5038 in
220 4980 332 5038 talibus
355 4979 445 5036 rebus
468 4995 486 5035 a
509 4979 669 5036 codicibus
692 4997 813 5054 semper
839 4981 1095 5055 proficiscendum
1146 4982 1256 5058 phlyrii
1278 4985 1441 5059 epistulam
1462 4990 1503 5044 ud
1526 4983 1732 5066 lllarcellam):
1760 4993 1811 5066 qui
1834 4993 1936 5066 qualia
1958 4995 2120 5057 habuerint

122 5091 180 5140 est
216 5082 271 5139 sed
293 5091 376 5138 recte
398 5079 506 5138 dehis
528 5080 665 5155 partibus
689 5097 708 5134 a
730 5081 817 5137 nobis
838 5081 1005 5141 iudicatum
1025 5101 1095 5142 esse
1146 5093 1200 5142 aut
1222 5102 1283 5160 quo
1307 5088 1401 5144 modo
1424 5087 1566 5146 Sextiana
1587 5091 1619 5147 in
1641 5109 1730 5150 usum
1752 5110 1841 5150 suum
1864 5098 2015 5166 verterint,
2041 5098 2120 5159 inira

121 5183 209 5260 ipsae
239 5179 411 5238 sententiae
441 5183 662 5238 demonstrant.
704 5199 776 5238 nam
808 5181 877 5240 licet
908 5185 1095 5260 appendices
1147 5203 1214 5244 cum
1236 5187 1369 5246 edantur
1391 5190 1618 5269 explanabitur;
1654 5193 1773 5252 interim
1802 5196 1877 5253 satis
1904 5197 1943 5254 sit
1964 5199 2119 5258 monuisse

122 5293 217 5358 atque
239 5283 341 5358 priora
363 5283 467 5339 omnia
490 5281 627 5346 eiusdem
656 5283 717 5340 siut
743 5282 869 5354 farinae,
906 5295 1008 5346 tamen
1035 5287 1096 5343 sin·
1146 5287 1231 5361 Pyth.
1257 5285 1393 5365 (Porphr)
1422 5291 1507 5349 ultra·
1529 5309 1552 5350 s.
1576 5295 1635 5352 555
1665 5313 1728 5355 555
1759 5313 1947 5376 comparere,
1985 5297 2051 5357 Clit.
2079 5320 2118 5359 ex

120 5384 210 5458 gulas
232 5391 335 5458 partes
359 5395 538 5455 argumento
566 5399 601 5440 ac
623 5383 846 5458 compositione
868 5386 1004 5444 diversas
1026 5383 1096 5446 esse
1148 5407 1217 5464 app.
1236 5387 1266 5446 II
1286 5398 1321 5447 et
1340 5389 1382 5447 lll
1404 5391 1485 5450 solas
1508 5411 1530 5453 s.
1554 5397 1616 5454 574
1638 5404 1670 5452 et
1692 5397 1753 5456 600
1770 5397 2009 5474 deprompsisse,
2032 5399 2120 5459 codi-

122 5484 211 5542 lacile
233 5483 435 5558 perspicitur„
459 5493 493 5540 ut
515 5501 578 5540 rem
600 5486 705 5559 paucis
728 5485 904 5564 significem,
928 5503 997 5544 cum
1013 5485 1097 5547 Sexti
1148 5506 1213 5547 cem
1232 5498 1335 5547 autem
1356 5493 1549 5568 usurpavisse
1561 5493 1728 5553 Patmiensi
1745 5507 1779 5554 ut
1794 5499 1913 5556 videtur
1928 5499 2117 5563 simillimum.
