5046 6802
734 929 1053 1042 REOTOR
1089 930 1192 1038 ET
1230 932 1591 1045 SENATVS

432 1141 842 1220 vurvnnsruxns
870 1142 1217 1222 unrnunrcmn
1247 1145 1583 1223 strennuus
1611 1148 1903 1226 nunninus
1999 1115 2000 1118 ‘

1056 1345 1263 1435 CIVIBVS

1145 1517 1185 1605 S.

240 1697 324 1754 Sexti
347 1695 539 1773 Pythagorici
569 1698 728 1756 sententiis
762 1714 830 1756 cum
862 1697 961 1755 Rufini
994 1697 1144 1772 versione,
1194 1704 1326 1762 hibuisse
1342 1701 1570 1782 atque‘horurn
1590 1707 1724 1763 omnium
1741 1725 1953 1784 quaecumque
1968 1709 2142 1784 praemissis

193 1797 427 1873 appendicibus,
457 1795 601 1854 Clitarchi
623 1799 759 1874 epitoma
781 1799 872 1855 editis
899 1798 1070 1872 proximum
1096 1809 1145 1856 est
1193 1807 1360 1880 prologisa
1380 1807 1496 1865 Latinis
1513 1808 1663 1882 leguntur,
1683 1809 1828 1866 aRufino
1843 1805 2053 1885 interpretata'
2071 1825 2141 1865 esse

195 1910 229 1955 ut
251 1916 331 1974 quae
354 1899 493 1956 eiusdem
518 1899 697 1973 disciplinae
721 1899 752 1954 in
776 1897 840 1956 aliis
862 1897 1066 1973 gnomologiis
1082 1916 1144 1957 ser·
1194 1907 1333 1966 adnotat.
1369 1909 1491 1966 suerunt
1518 1909 1610 1982 igitur
1632 1909 1755 1984 Euagrii
1777 1909 1897 1968 Pontici
1920 1911 2091 1968 sententiae
2111 1917 2143 1966 et

197 2009 268 2056 vata
288 1999 350 2056 sint
372 2000 500 2073 vestigia
522 1999 708 2072 colligamus.
744 2016 780 2055 ac
804 1998 994 2074 Pythagorae
1021 2009 1143 2056 senten·
1195 2008 1332 2066 eiusdem
1358 2011 1538 2085 disciplinae
1555 2008 1747 2085 Pythagorae
1767 2019 1798 2067 et
1811 2011 1944 2068 Zenonis
1966 2029 2035 2068 esse
2055 2019 2143 2086 puta·

194 2099 250 2156 tias
274 2110 305 2158 et
327 2117 408 2175 quae
430 2117 468 2156 ex
488 2098 535 2155 his
546 2097 731 2174 Porphyrius
746 2098 895 2173 epistulae
917 2100 958 2156 ad
969 2098 1145 2157 Marcellam
1197 2107 1309 2166 bantur
1331 2119 1424 2186 atque
1440 2110 1523 2168 Sexti
1545 2111 1725 2180 sententiae,
1749 2111 1875 2170 Rufinus
1898 2123 2001 2170 autem
2024 2121 2056 2168 et
2068 2110 2142 2168 Sex·

192 2200 319 2256 inseruit
341 2209 507 2274 antequam
529 2215 758 2271 recenseamus,
782 2200 823 2256 de
843 2200 990 2274 scriptore
1008 2201 1145 2274 quodam
1196 2209 1295 2268 tianas
1319 2213 1408 2269 vertit
1430 2221 1462 2267 et
1477 2211 1676 2285 Euagrianas.
1707 2213 1810 2288 itaque
1825 2213 1947 2289 Euagrii
1967 2213 2141 2270 sententiae

193 2301 349 2376 egendum
364 2311 412 2357 est
427 2299 567 2357 eiusdem
582 2299 821 2374 Pelagianorum
841 2311 945 2358 sectae
961 2317 1042 2375 quae
1057 2310 1145 2358 tanto
1195 2315 1281 2391 quod
1302 2313 1396 2372 sexto
1420 2321 1482 2370 ram
1505 2321 1656 2385 cognatae
1679 2323 1750 2369 sunt
1771 2315 1830 2370 iam
1854 2333 1916 2371 non
1939 2314 2120 2372 mirabimur.

193 2419 264 2458 cum
291 2401 402 2458 ardore
426 2398 510 2456 Sexti
538 2399 708 2458 sententias
736 2398 862 2474 arripuit
895 2399 1021 2473 assecla,
1051 2417 1143 2476 quom
1237 2417 1277 2472 de
1299 2414 1439 2472 versione
1454 2413 1564 2470 Latina
1587 2412 1665 2470 infra
1687 2414 1864 2488 videbimus,
1887 2415 2006 2471 interim
2019 2415 2140 2472 Graeca

194 2504 321 2558 multum
343 2501 373 2557 ln
396 2499 479 2556 sexli
501 2511 533 2558 et
557 2499 831 2574 Pythagffl'lcoillm
858 2501 1018 2559 Sententiis
1040 2519 1142 2558 Veisa-
1194 2514 1479 2588 circumspiciams⁸
1514 2515 1596 2588 apud
1620 2513 1846 2572 Dama-§Cenum
1875 2533 1913 2572 ea
1942 2515 2064 2591 singulis
2090 2533 2140 2572 ca.

194 2614 259 2659 lom
287 2619 358 2660 osse
387 2603 455 2676 ipso
484 2600 655 2676 fragmento
680 2617 761 2676 quoe
794 2600 943 2658 habemus
973 2603 1141 2661 declarant·
1193 2618 1304 2692 pitibus
1335 2616 1474 2690 dispersa
1500 2615 1624 2688 reperiri
1653 2633 1744 2690 supra
1772 2615 1846 2688 dixi,
1880 2617 1937 2672 sed
1966 2633 2029 2673 non
2057 2617 2140 2672 solus

192 2705 307 2760 etenim
334 2704 366 2759 io
394 2703 518 2758 mannis
546 2701 732 2758 Damascessl
762 2699 915 2758 parallelis
947 2717 976 2776 q·
1000 2701 1021 2761 s·
1050 2711 1083 2759 θῑ
1111 2703 1143 2759 Ῑῦ
1194 2717 1334 2792 servavit,
1364 2716 1457 2773 immo
1484 2715 1570 2790 ipsae
1593 2715 1714 2790 Euagrii
1740 2717 1912 2774 sententiae
1938 2725 2069 2774 aetatem
2092 2727 2140 2773 tu·

193 2805 296 2860 moltis
325 2819 405 2878 queo
436 2803 509 2859 lodo
541 2802 677 2860 derivata
707 2812 778 2858 sunt
805 2801 958 2876 fl0¹il²b¹liss
986 2803 1081 2861 saeris
1110 2815 1143 2860 et
1193 2819 1264 2876 lisse
1290 2818 1438 2876 videntur.
1470 2823 1591 2872 exstant
1613 2815 1695 2872 enim
1714 2815 1911 2874 collectiones
1927 2817 2037 2891 quibus
2055 2834 2140 2891 pror-

195 2903 421 2979 SaCiopl'OfanlS
444 2913 475 2961 et
488 2903 571 2960 sexli
591 2903 714 2959 nomine
736 2903 901 2960 nonnullae
923 2903 1050 2961 &80th
1071 2921 1141 2961 8θῦ-
1192 2935 1244 2976 sus
1260 2919 1389 2976 eaedem
1401 2917 1571 2974 sententiae
1587 2917 1783 2974 continentur
1798 2925 1868 2984 tres,
1883 2917 2049 2992 alphabeta
2064 2935 2140 2994 gno.

191 3005 294 3062 tentiis
315 3005 463 3080 gemellae
486 3003 609 3062 nomine
633 3003 757 3077 Euagrii
779 3003 952 3075 afferuntur,
975 3004 1140 3079 Euagrium
1190 3020 1268 3076 mica
1297 3020 1360 3076 duo
1389 3037 1457 3076 cum
1480 3019 1570 3076 tertia
1592 3019 1710 3093 synoga
1737 3018 1950 3094 anarphaberg
1988 3027 2058 3076 sunt
2085 3036 2140 3076 au.

192 3117 296 3164 autem
326 3107 405 3163 inter
432 3105 647 3162 celeberrimos
670 3103 812 3180 Origenis
841 3105 893 3180 qui
920 3106 1033 3180 primus
1056 3104 1140 3162 Sexti
1190 3130 1251 3177 tem
1274 3119 1351 3177 haec

190 3209 360 3265 sententias
378 3208 525 3282 protraxit
540 3215 708 3264 sectatores
725 3205 831 3280 fuisse,
855 3207 921 3281 ipse
933 3204 1138 3282 Hieronymus
1258 3222 1272 3280 1
1294 3223 1353 3282 1110,
1368 3207 1464 3296 Ἀρχὴ
1480 3217 1643 3296 σωτηρίας
1658 3217 1678 3294 ἡ
1691 3216 1809 3281 ἑαυτοῦ
1821 3215 2026 3296 κατάγνωσις
2038 3216 2075 3298 (s.
2089 3219 2138 3299 24,

190 3309 277 3366 testis
300 3318 345 3366 est
365 3309 397 3365 iu
411 3307 518 3366 ierem.
537 3308 628 3365 stin:
647 3300 735 3364 ‘cum
755 3307 858 3364 subito
879 3307 1014 3364 haeresis
1027 3307 1139 3383 Pytha·
1294 3323 1383 3398 vulgo
1405 3322 1479 3390 Niri;
1503 3323 1552 3382 eri,
1575 3339 1624 3395 ap,
1640 3321 1733 3379 Orelli
1755 3339 1862 3396 opusc,
1882 3329 2013 3380 sentent,
2031 3325 2059 3397 1,
2076 3324 2139 3382 320

190 3427 284 3485 gorae
306 3419 338 3466 et
360 3408 501 3476 Zenonis,
527 3401 684 3481 ἀπαθείας
711 3419 742 3464 et
764 3401 1009 3482 ἀναμαρτησίας
1037 3407 1139 3466 idest
1295 3423 1445 3498 patrolog,
1469 3422 1521 3482 Gr,
1543 3423 1594 3479 ed.
1617 3421 1718 3498 Migne
1741 3423 1790 3490 79,
1817 3417 1910 3498 1249)

190 3511 440 3586 impassibilitatis
462 3519 495 3566 et
515 3509 747 3583 impeccantiae,
770 3524 849 3582 quae
872 3507 945 3564 olim
962 3509 994 3564 in
1003 3506 1138 3583 Origene
1244 3524 1272 3581 11
1295 3518 1510 3584 rncjgwffgv
1526 3518 1616 3582 ἐστιν
1636 3520 1674 3582 τὸ
1696 3518 1855 3582 διώκοντα
1876 3521 1943 3583 κτλ,
1965 3519 2000 3594 (3,
2013 3523 2062 3592 24,
2085 3523 2137 3582 ed,

190 3623 223 3671 et
252 3614 370 3670 dudum
396 3611 428 3668 in
450 3609 604 3685 discipulis
633 3610 699 3666 eius
730 3608 868 3666 Grunnio
891 3604 1029 3686 (Rufino)
1056 3609 1139 3666 Eua·
1295 3645 1343 3700 ap·
1366 3625 1472 3699 Mjgne
1492 3626 1542 3694 40,
1566 3625 1645 3682 1267
1668 3633 1701 3680 ut
1723 3622 1857 3699 Euagfri)

189 3715 317 3790 grioque
339 3711 468 3769 Pontico
490 3719 522 3767 et
543 3709 704 3768 Ioviniano
729 3711 866 3786 iugulata
887 3718 944 3779 est,
966 3711 1070 3787 coepit
1089 3728 1138 3768 re·
1230 3727 1272 3784 111
1293 3729 1352 3784 inc.
1371 3721 1467 3801 Ἀρχὴ
1490 3719 1617 3798 ἀγάπης
1644 3719 1806 3799 ὑπόληψις
1833 3719 1930 3798 δόξης
1951 3723 1961 3798 l
1967 3741 1989 3782 s.
2015 3723 2063 3798 24,
2086 3725 2137 3782 cd.

190 3801 360 3881 viviscere'‚
383 3823 414 3871 et
437 3813 469 3869 in
489 3829 536 3886 ep.
558 3811 599 3868 ad
622 3809 790 3887 Ctesiph.3
814 3829 885 3869 cum
907 3811 990 3868 Sexti
1009 3801 1138 3887 ‘Pytha-
1292 3845 1342 3903 ap.
1366 3827 1470 3903 Migne
1492 3829 1542 3901 40,
1569 3827 1649 3884 1269
1674 3835 1708 3882 ut
1731 3824 1868 3900 Euagrii)

190 3917 419 3997 goreihominis
435 3914 552 3988 absque
569 3912 690 3971 Christo
705 3922 799 3990 atque
822 3905 950 3970 ethnici’
971 3906 1137 3972 ‘nefarium
1189 3947 1270 4004 quae
1294 3930 1326 3986 ῑῃ
1351 3928 1506 3986 codicibus
1528 3943 1605 4002 quos
1632 3927 1756 4002 quidem
1782 3925 1852 3983 novi
1877 3925 2056 4002 plerumque
2077 3924 2137 3982 Nili

189 4017 312 4081 librum’
338 4018 500 4094 proscribit
526 4027 558 4073 et
576 4011 772 4074 ‘miserabilis
797 4001 941 4072 Grunnll’
963 4016 1138 4073 vernonem
1189 4031 1313 4088 nomine
1344 4030 1480 4086 seruntur·
1506 4029 1627 4086 eadem·
1644 4026 1825 4084 confusione
1849 4043 1909 4101 qua
1931 4027 1991 4083 alia
2013 4043 2137 4104 quoque

190 4141 283 4200 quam
306 4123 569 4180 vehementissime
590 4125 754 4198 impugnat,
776 4139 844 4179 oum
865 4121 998 4180 Basilido
1020 4131 1052 4180 et
1075 4121 1138 4181 Pri·
1188 4130 1310 4206 Euagrii
1332 4140 1363 4187 et
1376 4129 1435 4187 Nili
1456 4127 1605 4205 opuscula
1625 4117 1716 4184 ‘sunt
1729 4127 1875 4203 permista
1898 4135 1930 4183 et
1950 4127 2074 4195 inserta,
2093 4145 2134 4184 ne

190 4228 328 4285 scilliano
351 4225 515 4300 Eoogriom
542 4223 702 4282 Ponticum
726 4223 871 4280 lborltom
898 4224 1056 4300 componit
1086 4226 1138 4300 qoi
1189 4232 1290 4289 dicam
1314 4231 1443 4289 confusa
1459 4231 1488 4289 in
1509 4229 1641 4305 antiquis
1657 4229 1827 4305 codicibus,
1850 4236 1884 4284 ut
1899 4245 1988 4302 aegre
2004 4228 2136 4286 discerni

186 4317 305 4386 ‘edidit
327 4328 434 4384 librum
456 4339 488 4384 et
509 4328 678 4384 sententias
700 4322 771 4400 περὶ
793 4321 952 4401 ἀπαθείας
968 4343 1059 4402 quam
1080 4343 1137 4384 nos
1187 4327 1325 4407 possint’
1351 4330 1524 4410 (Suaresius
1546 4330 1606 4389 Nili
1630 4347 1679 4408 op.
1702 4349 1729 4406 p.
1749 4329 1833 4408 613),
1867 4347 1996 4405 quarum
2018 4332 2086 4388 coll.
2109 4331 2136 4388 11

189 4429 463 4505 impassibilitatem
474 4429 523 4486 vel
535 4427 837 4504 imperturbationem
848 4445 1011 4504 possumus
1024 4429 1136 4491 dicere.
1188 4441 1220 4490 et
1234 4431 1276 4490 111
1295 4443 1421 4510 propter
1432 4433 1659 4491 Damascenum
1672 4432 1803 4508 Euagrio
1825 4431 1978 4488 dederunt
2001 4431 2136 4490 editores

193 4532 340 4592 ...buius
357 4532 449 4588 libros
465 4549 518 4606 per
534 4533 683 4590 orientem
703 4529 850 4599 Graecos,
871 4539 903 4588 et
917 4533 1137 4608 interpretante
1188 4535 1382 4610 recentiores,
1405 4534 1473 4592 coll.
1491 4533 1504 4590 1
1520 4531 1593 4590 Nilo
1615 4534 1812 4608 reliquerunt:
1836 4549 1917 4607 qnae
1939 4540 2042 4589 tamen
2062 4533 2136 4607 quin

190 4635 338 4710 discipulo
369 4636 434 4693 eius
457 4635 568 4693 Rufino
592 4635 720 4693 Latinos
750 4637 886 4713 plerique
916 4637 946 4693 in
975 4636 1136 4694 occidente
1189 4635 1312 4710 Euagrii
1326 4633 1444 4694 Pontici
1470 4635 1529 4694 sint
1552 4651 1669 4702 omnes,
1691 4635 1752 4691 iam
1768 4632 1901 4690 dubitari
1915 4632 2030 4708 nequit.
2063 4649 2134 4690 nam

190 4725 342 4794 lectitant‘
373 4732 426 4813 (cl.
450 4738 542 4794 etiam
573 4738 642 4794 adv.
667 4735 770 4811 Pelag.
794 4738 891 4811 prol).
934 4737 1068 4812 denique
1097 4738 1137 4795 de
1188 4736 1385 4814 Pythagorica
1414 4737 1472 4792 etsi
1499 4736 1529 4792 in
1557 4737 1623 4795 coll.
1647 4735 1660 4792 1
1688 4735 1818 4810 plurima
1841 4741 1922 4802 sunt,
1956 4732 1986 4789 in
2015 4733 2083 4792 coll.
2106 4733 2134 4791 11

189 4839 309 4912 scriptis
331 4837 396 4895 eius
419 4835 561 4894 Gennad.
586 4837 636 4894 vir.
653 4837 690 4895 ill.
710 4840 761 4897 ll:
784 4831 947 4912 ‘Euagrius
969 4837 1136 4896 monachus
1186 4838 1290 4914 multa,
1318 4855 1419 4913 pauca
1446 4840 1477 4896 in
1500 4839 1566 4896 coll.
1587 4839 1639 4908 111,
1673 4838 1777 4896 insunt
1804 4845 1906 4894 tamen
1936 4836 1966 4892 in
1992 4835 2134 4892 omnibus

190 4937 323 5015 (praeter
335 4939 394 4997 alia
409 4938 505 4996 multa
520 4939 669 5014 inquibus
686 4949 716 4995 et
728 4925 850 4995 ‘librum
864 4937 889 4996 C
904 4926 1137 4997 sententiarum'
1186 4957 1288 5015 neque
1311 4941 1470 4997 sententiis
1494 4949 1546 4999 aut
1561 4941 1630 4998 stilo
1653 4941 1732 4998 inter
1753 4957 1787 4996 se
1805 4939 1946 4995 differunt
1960 4947 1991 4995 et
2006 4953 2133 4993 numero

190 5034 277 5099 et‘L
293 5035 538 5115 sententiarum’)
550 5040 648 5097 edidit
660 5051 691 5096 et
709 5056 823 5114 paucas
837 5040 1036 5098 sententiolas
1048 5039 1137 5098 valde
1187 5057 1310 5117 quoque
1330 5041 1504 5114 eclogarum
1528 5021 1618 5100 tertia
1639 5042 1751 5099 alteras
1772 5048 1934 5114 exaequat.
1973 5047 2065 5112 atque
2081 5053 2133 5095 co·

191 5143 338 5200 obscures
361 5148 391 5198 et
412 5150 446 5198 ut
466 5143 531 5217 ipse
553 5143 584 5198 in
607 5141 652 5198 bis
675 5141 718 5197 ait
740 5141 812 5198 solis
834 5141 1054 5198 monachorum
1070 5157 1137 5200 cor·
1187 5141 1306 5198 dicibus
1329 5143 1451 5199 accedit
1472 5143 1566 5218 ipsius
1579 5141 1765 5202 Damasceni
1780 5139 1954 5199 auctoritas.
1984 5156 2055 5196 nam
2070 5155 2133 5195 non

189 5244 280 5301 dibus
303 5243 527 5316 cognoscibiles
550 5259 628 5317 quas
651 5243 784 5299 similiter
807 5259 864 5316 ego
876 5241 1002 5299 Latinas
1025 5239 1136 5313 edidi’,
1188 5243 1285 5300 solum
1306 5243 1437 5300 eaedem
1460 5251 1531 5300 sunt
1554 5243 1726 5301 sententiae
1747 5257 1828 5316 quae
1850 5247 1972 5296 exstant
1994 5240 2024 5295 in
2047 5239 2133 5296 codi-

189 5356 220 5402 et
239 5345 276 5402 17
293 5343 437 5400 Rufinum
453 5354 485 5399 et
499 5343 547 5400 ille
563 5355 780 5401 commemorat
797 5360 866 5400 curn
884 5341 1016 5418 Origene
1032 5336 1137 5418 ‘Xysti
1188 5344 1273 5401 cibus
1297 5352 1329 5400 et
1350 5345 1433 5418 apud
1451 5343 1690 5410 Damascenum‚
1713 5343 1769 5399 sed
1791 5343 1874 5416 ipsas
1896 5339 1960 5398 illas
1982 5355 2059 5413 quas
2082 5355 2133 5396 su·

190 5445 321 5504 Romani
337 5429 520 5500 sententias'
536 5433 717 5520 et‘Euagrii
733 5431 920 5501 sententias'
943 5443 1060 5502 Latinis
1082 5461 1137 5501 ex·
1187 5461 1241 5519 pra
1263 5443 1325 5501 dixi
1345 5454 1406 5502 tres
1421 5445 1619 5502 collectiones
1642 5445 1753 5501 eodem
1776 5459 1838 5516 quo
1861 5441 2031 5497 secundum
2053 5441 2133 5516 opti-
