5046 6802
1429 830 1498 894 ἀλλ’
1521 831 1655 909 ἑκοντὴς
1678 833 1837 910 εὐεργέτει
1860 832 1910 895 καὶ
1923 830 1980 896 ἴσα
1996 837 2041 914 τῷ
2056 829 2134 914 ἡλίῳ
2150 833 2325 915 φιληθήση.

1476 941 1582 995 ιιι-ω
1636 942 1656 995 c
1671 943 1776 996 arr-m
1796 942 1848 1010 (st.
1869 942 1908 994 ur.
1929 943 1972 1011 ιιι,
1992 943 2098 996 ιιι-ιιι
2117 941 2165 1005 ιιι.)

363 843 403 901 09
428 835 575 914 Καθάπερ
596 835 719 914 ἀγαθὸς
742 834 960 914 πωλοδάμνης
981 833 1104 897 αὐτῶν
1125 832 1245 896 πώλων

428 947 507 1025 τούς
529 947 587 1023 μέν
608 944 751 1022 ἀγαθοὺς
773 946 895 1024 τρέφει,

427 1056 505 1134 τοὺς
529 1057 565 1120 δὲ
585 1055 761 1132 δυσηνίους
784 1055 950 1131 λιμώττειν
973 1055 1011 1136 ἐᾷ

430 1165 512 1230 ἀλλὰ
533 1167 646 1244 τρέφει
668 1167 725 1243 μὲν
749 1166 863 1244 ἐπίσης
888 1164 994 1243 ἀμφω,

428 1275 554 1340 κολάζει
577 1277 612 1340 δὲ
634 1278 756 1354 μᾶλλον
778 1274 915 1351 θάτερον
931 1274 1060 1339 ἐξισοίιν
1076 1273 1202 1354 θατέρῳ
1218 1271 1322 1350 βιαζό-

430 1407 526 1464 μενος
550 1386 647 1463 μέρει,

429 1496 515 1559 αύτω
538 1496 590 1560 καὶ
612 1497 820 1574 κηδεμονικὸς
843 1495 923 1574 ἀνὴρ
947 1495 998 1558 καί
1015 1498 1179 1570 πολιτικῆς
1195 1492 1323 1568 ἐπιστή-

429 1625 495 1682 μων
518 1604 685 1684 δυνάμεως
708 1608 775 1668 τών
796 1608 966 1668 πολιτῶν

427 1715 504 1790 τούς
527 1715 585 1790 μὲν
610 1713 818 1791 εὐγνώμονας
840 1717 942 1776 ποιεῖν
965 1713 1124 1791 ἐπιχειρεῖ,

428 1824 506 1900 Τοὺς
528 1826 563 1886 οὲ
586 1823 722 1900 lesam
745 1824 782 1886 οὐ
806 1823 949 1888 Κοθᾶοοὲ
972 1823 1225 1902 utaperiamus,
1365 1841 1404 1897 96
1427 1834 1503 1912 Ταῖς
1533 1833 1645 1911 νόσοις
1672 1833 1690 1896 ὁ
1722 1833 1864 1912 θάνατος
1892 1831 2045 1910 ἀλλήλαις
2074 1833 2328 1912 ἐπικαταλαμβα-

427 1931 509 1997 &llll
532 1940 657 2014 Τοοφῆς
682 1936 739 2012 per
762 1933 883 2012 ἀμφοῖν
906 1933 1019 2011 ἥῖοοτο
1042 1935 1166 2012 puerei,
1429 1945 1565 2021 νούσαις
1588 1943 1656 2006 οὐδ’
1682 1943 1780 2020 αὐτὸς
1803 1946 1949 2020 παρεῖναι
1973 1941 2196 2021 ἀναβάλλεται.

429 2043 573 2108 παιδεύει
594 2046 630 2107 δὲ
651 2045 702 2106 καὶ
725 2043 952 2123 σφοδρότερον
975 2042 1160 2121 ἐπισπέρχει
1190 2043 1247 2105 τὸν
1271 2040 1322 2106 ἀν·
1368 2085 1406 2140 97
1429 2078 1490 2141 “ov
1518 2077 1536 2154 ἡ

428 2154 611 2233 τιβαίνοντα
632 2159 677 2238 τῷ
699 2153 786 2238 λόγῳ
810 2155 860 2216 καὶ
882 2159 927 2235 τώ
951 2153 1050 2236 νόμῳ,
1228 2157 1231 2164 ’

1369 1141 1407 1196 94
1431 1132 1475 1196 Τό
1498 1133 1561 1196 ύπό
1583 1135 1712 1196 πολλῶν
1730 1130 1958 1211 διαβάλλεσθαι
1976 1135 2083 1194 κακῶν

1430 1243 1505 1307 οὔτε
1528 1243 1646 1320 ἀληθὲς
1668 1240 1742 1304 οὔτε
1766 1240 1934 1320 βλαβερόν,

1429 1353 1467 1416 τὸ
1490 1354 1525 1414 δέ
1549 1351 1603 1430 ὑφ’
1631 1351 1704 1428 ἑνὸς
1729 1350 1854 1426 ἀγαθοῦ
1877 1351 2036 1427 ψέγεσθαι

1430 1463 1482 1524 καὶ
1504 1461 1622 1538 ἀληθὲς
1645 1460 1696 1524 καὶ
1720 1459 1895 1538 λυσιτελές.

1364 1597 1403 1654 95
1426 1590 1540 1669 Ἀρχής
1564 1591 1819 1669 καταβληθείσης
1850 1595 1951 1669 κακής
1975 1590 2025 1652 καὶ
2049 1589 2203 1668 τὸτέλος
2228 1592 2327 1669 παρέ·

1429 1720 1521 1764 πεται
1543 1699 1665 1777 ὅμοιον.

1560 2078 1639 2156 τύχη
1665 2078 1904 2156 προπηλακίζει,
1935 2077 1986 2140 καί
2012 2078 2099 2154 παρὰ
2125 2081 2190 2142 τών
2213 2081 2329 2162 πρᾴων

1430 2185 1527 2264 οὗτος
1553 2187 1712 2266 μάστιγας
1736 2187 1884 2266 εὑρίσκει.

367 2310 407 2366 90
430 2304 674 2384 l<01llllll⁶ll0¹lre
697 2310 817 2388 morri]
835 2307 896 2384 llllll
917 2305 990 2369 οὔῐε
1015 2309 1115 2386 llari
1138 2304 1324 2380 ruscellio-
1369 2327 1407 2384 98
1430 2321 1484 2385 Ἐν
1506 2320 1558 2400 οἷς
1579 2322 1727 2400 πλήττειν
1749 2321 1870 2398 ἀλλους
1893 2321 2023 2400 ἐθέλεις,
2047 2322 2081 2385 ἐν
2104 2323 2231 2400 τούτοις
2255 2322 2331 2402 βλά-

429 2429 520 2479 σεται
548 2416 721 2494 πρόβατον,
756 2416 842 2478 οὕτω
871 2419 949 2494 μηδὲ
977 2416 1153 2492 πλήθους
1184 2414 1325 2491 ἀνοήτου
1432 2436 1490 2510 pne
1513 2430 1618 2495 ἕχπγζε
1641 2433 1699 2508 τὴν
1723 2433 1861 2509 μείζονα,

430 2538 468 2587 σε
491 2527 685 2589 δεδιττέσθω
706 2528 808 2605 φωνή.

1369 2573 1407 2628 99
1430 2555 1644 2642 Ἀπαλλαγεὶς
1670 2565 1776 2629 εἵνεκα
1809 2565 1977 2644 ὀχλήσεως
2010 2558 2126 2645 κέρδος
2157 2567 2277 2643 ἡγεῖται
2309 2569 2329 2630 ὁ

368 2681 404 2736 91
430 2673 556 2754 Ὥσπερ
577 2680 724 2754 πλῆθος
743 2676 880 2756 ἀκρίτως
904 2676 1013 2741 αίτυῡν
1037 2677 1066 2740 τί
1088 2692 1126 2742 σε
1150 2682 1216 2740 τών
1238 2674 1325 2738 ἰδίων
1433 2674 1605 2754 ἄνθρωπος
1628 2675 1687 2751 τήν
1710 2676 1832 2754 ζημίαν.

431 2783 470 2847 οὐ
492 2787 646 2860 tenerer,
1351 2817 1409 2873 100
1431 2811 1589 2873 Ἕπεσθιιι
1611 2810 1678 2885 τοῖς
1700 2812 1852 2886 τερπνοῖς
1873 2807 1968 2872 εἴωθε
1992 2809 2043 2871 καὶ
2067 2811 2106 2872 τὰ
2129 2811 2261 2888 λυπηρά.

432 2893 518 2956 οὕτω
532 2895 611 2971 μηδὲ
624 2892 848 2971 ὄχλονάδίκως
861 2909 900 2959 σε
909 2899 1125 2958 δυσωποῦντα
1136 2899 1324 2976 διατραπής.
1352 2952 1407 3008 νον
1433 2944 1497 3021 Τὴν
1520 2945 1633 3009 ννννννν
1655 2945 1673 3008 ὁ
1697 2945 1842 3023 σώφρων

1870 2945 2020 3027 καρτερίᾳ
2047 2945 2098 3008 καὶ
2126 2945 2328 3023 γενναιότητι

369 3051 407 3107 99
430 3043 533 3124 Ὅπερ
557 3043 718 3121 ἐπιβάλλει
741 3050 778 3127 τῇ
802 3044 926 3126 πόλει,
960 3050 1057 3108 τοῦτο
1086 3044 1217 3124 εἴσφερε
1244 3044 1325 3124 φθά-
1431 3058 1530 3132 τιμῶν
1552 3055 1695 3118 πλούτου
1718 3055 1906 3132 τιμιωτέραν
1928 3054 2113 3134 ἀποφαίνει.

433 3175 509 3234 νων,
532 3154 583 3217 καὶ
606 3155 762 3218 οὐδέποτε
785 3155 942 3239 αἰτηθήσῃ
967 3157 1007 3219 τὰ
1032 3157 1073 3234 μή
1103 3155 1325 3234 ἐπιβάλλοντα,
1352 3197 1409 3252 102
1435 3191 1532 3254 Γελᾶν
1560 3191 1579 3254 ὁ
1614 3191 1717 3284 ww
1750 3189 1828 3266 μετὰ
1860 3189 2022 3268 μειρακίου
2053 3189 2192 3268 αἰσχρὰς
2219 3189 2329 3269 ὕβρεις

370 3295 409 3352 93
431 3288 592 3366 Ὥσπερδ
615 3289 707 3368 ἣλιος
731 3289 769 3354 ού
793 3291 952 3368 περιμένει
980 3291 1069 3368 λιτὰς
1091 3291 1142 3353 καί
1165 3291 1327 3370 γοητείας,
1434 3300 1583 3377 κερδήσῃ
1608 3300 1658 3362 καὶ
1679 3301 1806 3378 μέμψιν,

430 3398 657 3484 treverum,
1351 3441 1410 3498 103
1433 3433 1584 3512 Πολλούς
1613 3435 1802 3512 φαρακλοὺς
1829 3431 1915 3497 είδον
1945 3433 2063 3497 τούτου
2099 3435 2149 3496 καί
2185 3436 2203 3497 δ
2235 3435 2325 3509 ἐγκέ·

433 3507 502 3572 ἀλλ’
525 3509 622 3587 εὐθὺς
644 3507 760 3586 λάμπει
783 3509 940 3587 καὶπρὸς
963 3509 1115 3574 ἁπάντων
1138 3509 1326 3591 ἀσπάζεται,
1434 3548 1541 3623 (pam
1563 3545 1705 3622 ἐξῆλθεν,

433 3618 518 3682 otro
542 3621 622 3697 unae
649 3621 692 3682 οὺ
715 3603 862 3697 sepiam}
885 3621 1022 3698 maroug
1046 3621 1097 3684 aar
1120 3621 1253 3700 ψόφους
1277 3622 1329 3683 mr
1479 3651 1991 3718 94-1m=e1a(mx.0.10).rr.
2013 3653 2331 3719 reremaneret.

433 3729 595 3808 ἐπαίνους,
617 3729 657 3792 ἵν’
682 3728 869 3813 εύπσιήσης,

371 3913 406 3966 08
426 3913 634 3979 ἀναστημάτων
654 3912 688 3965 ef.
703 3914 945 3979 ἐνδιατριβάντων,
964 3912 1012 3966 sed
1031 3915 1064 3966 δ’ἴι
1080 3913 1239 3981 ἀναθήμασι
1252 3915 1263 3981 ΙΙ
1276 3915 1321 3967 ἀν-

372 4000 464 4066 δρείας
483 4006 599 4070 propter
617 4001 726 4053 leonum
742 4001 962 4062 similitudinem,
983 4003 1085 4055 rectius
1105 4008 1221 4072 propter·
1239 4005 1321 4070 alluit

349 4117 355 4132 ι
371 4089 498 4154 παιδείας
520 4086 533 4160 ή
559 4091 594 4143 09
608 4092 714 4155 ἀγαθὸς
727 4091 916 4157 πωλοδάμνης
926 4122 957 4131 -
970 4095 1037 4156 τοὺς
1052 4093 1102 4157 μὲν
1118 4093 1241 4157 ἀγαθοὺς
1256 4095 1320 4160 (pro

372 4179 511 4245 εὐηνίους)
524 4179 536 4248 ΙΙ
553 4179 651 4246 ἐπίσης
664 4211 693 4218 -
706 4183 814 4233 ἐξισοθν
831 4181 842 4248 ΙΙ
860 4183 905 4234 καί
924 4183 1011 4234 οτιι.Α
1033 4185 1044 4246 ΙΙ
1063 4181 1127 4250 (εὖ)
1148 4189 1239 4235 ποιεῖν
1258 4200 1319 4234 cnm

374 4265 450 4320 llier.
470 4267 548 4320 Wolf
566 4268 627 4320 erld.
648 4269 778 4336 speciose,
807 4268 853 4321 sed
874 4286 946 4322 nexu
966 4270 1165 4323 sententiarum
1186 4288 1240 4323 non
1260 4288 1321 4338 per·

373 4361 476 4423 specto,
496 4356 550 4410 cld.
562 4358 596 4411 lli
618 4358 688 4410 ἀλλὰ
706 4363 742 4425 τῇ
761 4359 791 4410 ἐκ
812 4361 863 4421 τῆς
881 4355 1013 4422 Ἑλλάδος
1032 4360 1144 4428 παιδείᾳ
1162 4361 1198 4412 τά
1218 4361 1321 4426 στέρνα

371 4449 431 4497 τών
450 4449 574 4498 πολιτιῖιν
594 4447 745 4510 διακόσμει.
774 4448 899 4512 γνώμαις
923 4448 977 4512 γὰρ
1001 4449 1113 4514 ἀνδρῶν
1137 4451 1187 4501 κτλ
1220 4448 1265 4511 lcl.
1286 4449 1320 4501 all

372 4535 419 4600 θθ)
439 4539 467 4586 et
485 4534 514 4586 in
532 4533 615 4585 simili
636 4553 665 4588 re
685 4535 720 4587 09
736 4535 759 4588 εί
777 4537 845 4599 τοὺς
864 4537 914 4600 μὲν
927 4537 1065 4601 (ἑκονταςλ
1084 4538 1235 4602 παιδεύοις,
1254 4539 1321 4600 τοὺς

373 4623 404 4676 δέ
427 4624 570 4689 (ἄκοντας)
594 4624 691 4676 ἔπειτα
715 4625 935 4691 κεχειρωμένους
959 4625 1099 4689 ἀπολύαις.
1137 4627 1231 4695 itaque
1254 4629 1321 4690 τούς

373 4713 431 4778 μέν,
451 4712 633 4777 εὐγνώμονας
652 4718 743 4766 ποιεῖν
762 4713 893 4780 ἐπιχειρεῖ
914 4714 929 4765 ί.
951 4733 974 4766 e.
994 4714 1105 4782 παιδείᾳ
1123 4717 1229 4782 τρέφει,
1254 4717 1321 4778 τοὺς

373 4803 404 4854 δέ
422 4803 541 4865 ἔμπαλιν
555 4803 587 4867 lsi
602 4803 693 4867 aliter,
712 4801 828 4856 dixisset
847 4805 915 4867 τοὺς
934 4806 964 4856 δέ
984 4806 1101 4868 ἔμπαλιν
1121 4805 1321 4870 ἀντιστρέφον-

372 4907 423 4954 τας
442 4893 476 4944 el',
494 4897 567 4958 sqq.)
593 4891 626 4943 ού
647 4891 773 4944 καθάπαξ
793 4892 1003 4958 διαφθείρεσθαι
1023 4894 1068 4961 (ἐᾷ
1090 4892 1152 4945 add.
1174 4892 1321 4958 Meincke)‚

374 4981 443 5034 ἀλλὰ
467 4983 577 5045 τροφῆς
600 5007 629 5016 -
654 4979 710 5030 iam
735 4985 766 5031 ul
788 4981 858 5032 solet
883 4979 1031 5033 verborum
1054 4979 1241 5049 significatum
1266 4999 1321 5033 non

375 5069 477 5120 retinet
502 5068 651 5134 integrum,
680 5085 743 5119 nam
768 5068 929 5134 praestabat
952 5069 1088 5132 παιδείας,
1117 5085 1202 5137 quare
1229 5069 1322 5136 pergit

373 5157 500 5211 παιδεύει
519 5157 549 5208 δὲ
569 5157 614 5208 καῖ
628 5173 679 5223 pro
693 5155 812 5223 simplici
832 5157 993 5222 ἐπισπέρχει
1012 5158 1041 5209 δὲ
1056 5159 1250 5225 σφοδρότερον
1264 5163 1321 5213 κτλ.

374 5251 472 5298 eontra
491 5245 522 5298 εύ
542 5251 633 5298 ποιεῖν
652 5245 674 5296 si
694 5245 801 5312 κατίδω,
830 5252 946 5314 propter
970 5251 1080 5313 τροφῆς
1099 5249 1149 5312 μὲν
1168 5248 1274 5313 ἀμφοῖν
1289 5277 1321 5286 -

374 5337 500 5389 παιδεύει
519 5336 550 5387 δέ
568 5334 619 5387 τὸν
639 5335 725 5398 ἀντιβ.
746 5337 803 5386 κτλ,
831 5336 968 5387 sententia
989 5335 1117 5404 ridicula,
1141 5337 1238 5402 τρέφει
1265 5339 1322 5389 κτλ.

376 5431 467 5478 autem
479 5431 541 5476 orta
553 5441 585 5474 ex
596 5425 630 5474 liri
646 5422 729 5474 solita
740 5423 888 5475 verborum
903 5425 1130 5477 concatenatione
1153 5421 1169 5494 ll‘
1194 5426 1228 5477 90
1242 5442 1257 5477 a
1269 5425 1323 5477 leo·

374 5515 455 5566 nibus
469 5520 504 5564 «99
518 5513 551 5566 ad
573 5530 657 5581 equos
671 5515 714 5571 llll,
735 5512 787 5564 iam
802 5512 836 5564 ad
851 5530 961 5566 anseres
980 5531 1101 5583 ovesque
1120 5513 1323 5582 descendimus;

1515 3741 1659 3810 nomer).
1671 3742 1702 3793 ar
1715 3739 1905 3807 (osannam
1917 3740 2282 3808 aa).·2a(0.1ar.=24(0.rn.
2294 3741 2331 3792 aa

1381 3915 1449 3968 scite
1478 3915 1635 3968 mehercule
1660 3915 1758 3969 suadel-
1783 3919 1815 3967 ut
1839 3921 1982 3984 tamquam
2007 3932 2086 3968 anser
2112 3915 2185 3968 inter·
2209 3931 2331 3976 anseres,

1380 4004 1440 4056 ovis
1459 4003 1532 4056 inter
1551 4021 1616 4056 ores
1638 4004 1748 4058 incedas
1783 4001 1797 4074 Ι
1840 4005 1882 4056 91.
1901 4003 1937 4056 92
1956 4005 2018 4069 περί
2039 4003 2202 4068 αἰτημάτων
2217 4017 2331 4070 compa-

1380 4093 1485 4145 raveris
1503 4109 1565 4144 cum
1589 4093 1656 4144 1—4
1692 4089 1706 4162 0
1751 4093 1785 4144 94
1808 4091 1925 4144 sortasse
1945 4109 1961 4144 a
1981 4092 2172 4160 superioribus
2191 4109 2245 4143 ιιοιι
2265 4107 2330 4157 pro·

1381 4181 1426 4232 cul
1445 4181 1527 4246 aluit;
1548 4181 1639 4234 forma
1657 4179 1805 4234 sollemnis.
1836 4197 1905 4248 quae
1925 4185 2032 4234 restant
2052 4179 2220 4249 peculiarem
2241 4196 2330 4247 quan·

1379 4268 1443 4320 dam
1463 4269 1582 4336 speciem
1601 4269 1744 4336 praebent,
1763 4268 1885 4322 eiusdem
1909 4269 2031 4322 auctoris
2056 4285 2088 4322 ee
2107 4285 2164 4322 esse
2184 4269 2230 4319 vix
2249 4286 2264 4319 a
2286 4285 2331 4318 me

1380 4357 1500 4424 impetro
1520 4364 1551 4410 ut
1570 4357 1689 4410 credam.
1719 4375 1781 4410 nam
1803 4359 1854 4410 etsi
1875 4357 2040 4410 breviatoris
2060 4374 2143 4410 manu
2159 4358 2186 4410 in
2198 4357 2221 4409 E
2235 4359 2330 4409 onrnia

1379 4445 1535 4499 deformata
1556 4453 1621 4499 sunt
1641 4446 1679 4514 (v.
1699 4447 1817 4499 Schenkl
1838 4465 1864 4515 p.
1882 4447 1930 4500 ⁴llll
1959 4446 2005 4498 ubi
2034 4447 2158 4498 seiuncta
2177 4446 2331 4514 leguntur),

1382 4541 1474 4588 tamen
1495 4541 1551 4588 tem
1572 4537 1669 4588 breves
1689 4543 1772 4604 atque
1793 4536 1932 4604 perlectae
1952 4535 2105 4588 sententiae
2124 4535 2196 4602 apurl
2217 4532 2331 4602 llpiete-

1381 4633 1440 4679 lum
1460 4645 1515 4680 noo
1537 4633 1655 4679 exstant.
1686 4625 1829 4693 Epictetus
1846 4641 1954 4692 semper
1970 4625 2137 4678 allocutione
2154 4633 2202 4676 aut
2219 4641 2331 4689 conspa-

1381 4718 1489 4770 ratione
1505 4722 1553 4768 aut
1570 4716 1672 4768 iudicio
1688 4714 1816 4780 (αἰσχρὸν
1833 4715 1942 4778 βέλτιον
1960 4713 2030 4778 sim.)
2046 4713 2146 4776 utitur,
2161 4712 2205 4764 hic
2218 4717 2333 4780 praeter

1381 4795 1532 4858 sententias
1548 4805 1690 4873 generales
1708 4805 1749 4856 99.
1761 4805 1802 4856 llll.
1816 4804 1867 4856 100
1885 4802 2010 4856 subiecta
2025 4806 2089 4854 suut
2099 4801 2133 4854 99
2144 4803 2159 4854 θ
2170 4803 2331 4866 ἄνθρωπος,

1382 4896 1431 4948 101
1452 4897 1467 4946 ὁ
1489 4896 1626 4960 σώφρων,
1656 4892 1706 4945 10.)
1723 4895 1809 4955 γελᾶν
1828 4895 1844 4945 ὁ
1862 4892 1963 4959 θέλων,
1992 4891 2025 4944 9ῖ
2047 4891 2139 4954 ούτος,
2168 4890 2236 4942 talia
2254 4890 2330 4958 aliud

1382 4983 1539 5050 Epictetum
1561 4981 1700 5040 inaudita;
1721 4998 1765 5034 res
1784 4997 1868 5048 porro
1888 4987 1915 5032 et
1934 4979 2019 5032 rerba
2038 4978 2156 5032 diversa.
2186 4995 2240 5045 quo
2260 4979 2304 5031 rel
2321 5008 2331 5018 ·

1382 5073 1468 5125 reuda
1486 5071 1541 5124 sint
1559 5071 1695 5122 incertum
1733 5067 1746 5138 ή
1780 5071 1814 5121 llll
1834 5069 1965 5134 ἀλλήλαις
1984 5075 2011 5121 et
2035 5068 2055 5119 Ε
2075 5073 2103 5120 et
2123 5067 2195 5119 ulex.
2231 5063 2245 5138 9
2285 5085 2332 5120 ιια-

1383 5178 1434 5227 que
1454 5161 1487 5213 lli
1508 5165 1573 5228 post
1596 5159 1733 5225 ltneque
1755 5159 1800 5210 101
1824 5157 1868 5210 lcl'.
1885 5157 2055 5222 u14=5el
2074 5162 2137 5224 post
2155 5156 2187 5208 :ll
2209 5156 2332 5210 inserere

1383 5266 1464 5302 ausus
1482 5265 1541 5301 sum
1573 5243 1586 5318 Ι
1622 5249 1672 5299 lua
1698 5247 1893 5300 obscurissima
1912 5247 1996 5298 verlra
2020 5263 2074 5296 uon
2098 5244 2215 5313 expedio
2242 5261 2332 5312 neque

1384 5337 1521 5390 Maximus
1540 5336 1696 5388 describere
1718 5335 1807 5387 voluit
1824 5364 1855 5372 —
1873 5351 1938 5386 sane
1958 5335 2080 5398 πολλοὺς
2097 5335 2147 5399 μέν
2167 5336 2333 5401 φαλακροὺς

1383 5428 1468 5492 είδον,
1479 5427 1583 5479 τούτου
1595 5427 1624 5476 δέ
1638 5427 1685 5492 (sc.
1697 5425 1783 5477 nostri
1799 5424 1930 5490 auctoris)
1946 5427 1989 5476 καί
2003 5427 2019 5476 δ
2034 5425 2189 5488 ἐγκέφαλος
2207 5425 2332 5490 ἐξῆλθεν.

1062 5713 1163 5756 Bomme
1181 5713 1248 5766 typis
1264 5713 1349 5756 Caroli
1363 5713 1456 5766 Georgi
1473 5719 1524 5766 typ.
1540 5713 1609 5759 acad.
