5046 6802
1360 662 1396 723 16

394 849 434 906 34
457 843 588 921 Μέτρον
610 843 696 908 ἔστω
718 862 772 909 σοι
794 847 918 924 παντὸς
947 847 1071 908 σίτου
1099 845 1150 908 καί
1176 851 1310 910 ποτού
1333 847 1353 924 ἡ
1463 847 1655 910 πολυτέλεια
1683 847 1739 921 μέν
1764 845 1979 922 ἐμπηδήσασα
2005 850 2050 928 τῷ
2076 843 2202 921 σώματι
2226 843 2292 919 μετ’
2316 843 2358 906 οὐ

457 953 567 1030 πρώτη
589 961 647 1033 τῇς
671 955 809 1033 ὀρέξεως
834 953 1002 1032 ἐμπλησις,
1026 953 1111 1031 ὄψον
1134 957 1169 1018 δὲ
1186 957 1237 1019 καί
1253 955 1352 1033 ἡδονή

457 1059 537 1136 αὐτὴ
562 1061 580 1138 ἡ
603 1059 716 1139 ὄρεξις,

457 1170 509 1232 καί
523 1169 597 1234 οὐτε
614 1169 751 1234 πλείονα
765 1175 829 1234 τῶν
845 1171 988 1234 δεόντων
1004 1172 1165 1254 προσοίση
1184 1171 1258 1236 οὔτε
1274 1173 1353 1251 ὀψο-

453 1281 557 1344 ποιῶν
569 1281 712 1362 δεηθήσῃ
722 1285 811 1364 ποτῷ
823 1299 857 1343 τε
867 1285 912 1362 τιῇ
923 1281 1146 1357 παραπεσόντι
1157 1279 1352 1366 άρκεσθήσῃ.

393 1417 433 1476 35
456 1411 522 1490 Τάς
544 1413 737 1489 σιτήσεις
760 1416 855 1476 ποιοὺ

457 1523 497 1598 μὴ
522 1524 751 1599 πολυτελεῖς
774 1523 825 1585 καί
847 1523 1051 1601 σκυθρωπάς,

459 1630 540 1694 ἀλλὰ
563 1631 709 1707 λαμπρὰς
730 1631 781 1693 καὶ
803 1631 954 1709 εὐτελεῖς,

453 1739 506 1804 ‘ivor
529 1741 605 1818 μήτε
629 1741 681 1804 διὰ
703 1742 742 1803 τὰ
764 1743 929 1817 σωματικά
952 1741 984 1804 αί
1000 1743 1100 1820 ψυχαὶ
1120 1743 1350 1824 ταράττωνται,

458 1851 535 1926 μήτε
551 1850 798 1927 φενακιζόμενοι
818 1853 900 1930 πρός
925 1855 989 1914 τῶν
1008 1852 1137 1928 ἡδονῶν
1157 1858 1222 1916 τιῖιν
1245 1867 1351 1929 σωμα-
1396 1885 1437 1943 40
1460 1879 1593 1943 Μελὲτω
1613 1881 1700 1942 oote

458 1961 552 2021 τικῶν
579 1957 790 2036 όλιγωρῶσιν,

458 2068 568 2131 ἔπειτα
593 2067 793 2145 βλάπτωνται
815 2071 989 2146 τρυφῶντα
1015 2071 1072 2146 μέν
1093 2071 1283 2148 παραυτίκα,

732 2179 895 2240 νοσοῦντα
918 2179 953 2240 δὲ
976 2177 1120 2256 εἰσαῦθις
1143 2180 1183 2242 τὰ
1206 2179 1351 2256 σώματα.

397 2313 435 2370 θθ
460 2309 621 2386 Φρόντιζε,
657 2310 746 2388 ὅπως
777 2326 815 2374 σε
840 2313 879 2387 μή
904 2313 943 2374 τά
966 2313 1002 2375 ἐν
1023 2317 1061 2394 τῇ
1089 2315 1206 2391 γαστρί
1228 2315 1355 2378 σιτία

459 2417 584 2500 ἐπαινῇ,
606 2417 675 2481 ἀλλ’
698 2420 717 2496 ἡ
740 2418 775 2481 ἐν
798 2425 835 2501 τῇ
854 2425 939 2502 ψυχῇ
963 2421 1135 2498 εὐφρασία,
1159 2421 1227 2485 ἐπεῖ
1242 2421 1282 2484 τὰ
1298 2423 1355 2498 μέν

461 2525 749 2604 ἀποσκυβαλίζεται
779 2529 830 2591 καῖ
859 2533 1010 2607 συνεκρεῖ
1036 2530 1054 2592 ό
1085 2530 1228 2609 ἔπαινος,
1259 2533 1278 2607 ἡ
1309 2531 1355 2600 δέ,

462 2634 520 2698 κᾶν
543 2636 562 2713 ἡ
586 2639 672 2714 ψυχὴ
697 2643 850 2720 χωρισθῇ,
873 2641 924 2702 διὰ
944 2642 1066 2718 παντὸς
1084 2637 1245 2717 ἀκήρατος
1262 2639 1355 2715 μένει.

399 2775 437 2831 37
459 2768 515 2831 Ἐν
536 2773 605 2847 ταῖς
631 2769 838 2835 ἑστιάσέσι
862 2775 1016 2852 μέμνησο,
1045 2773 1094 2836 ὅτι
1122 2773 1181 2836 δύο
1205 2773 1356 2854 ὑποδέχῃ,

460 2882 555 2954 σῶμα
578 2880 629 2941 καί
651 2881 765 2958 ψυχήν,

461 2987 512 3048 καί
535 2985 553 3050 ὅ
578 3007 605 3050 τι
623 2987 663 3051 ἂν
683 2995 728 3070 τῶ
744 2991 867 3068 σώματι
890 2995 963 3074 δῷς,
985 2993 1082 3053 τούτο
1099 2989 1196 3068 εὐθὺς
1213 2991 1353 3068 ἐξέχεας,

463 3093 481 3156 ό
506 3115 533 3156 τι
560 3097 588 3158 δ’
612 3097 652 3160 ἂν
674 3103 711 3179 τῇ
738 3101 833 3177 ψυχῇ,
853 3097 905 3161 διὰ
926 3099 1052 3175 παντὸς
1075 3101 1190 3176 τηρεῐς.

399 3235 439 3292 38
462 3227 515 3305 Μή
539 3227 747 3306 συγκεράσας
770 3227 835 3305 ἅμα
856 3228 956 3306 ὀργὴν
978 3229 1212 3312 πολυτελείᾳ
1239 3245 1357 3308 προσε-

461 3353 591 3421 νεγκῃς·

400 3563 498 3616 statim
524 3567 615 3618 autern
635 3563 710 3617 redit
730 3563 764 3615 ad
784 3565 854 3628 μετὰ
872 3565 1055 3628 πολυτελείας
1074 3567 1246 3620 ἐπαινεῖσθαι
1265 3566 1349 3634 (unde

399 3652 526 3722 gignitur
551 3655 584 3704 illi
604 3652 717 3718 ἐπαινῇ)
740 3656 768 3704 et
787 3652 933 3706 confundit
954 3655 1023 3718 μετά
1050 3655 1233 3718 πολυτελείας
1251 3658 1302 3721 ζῇν
1322 3659 1350 3708 et

400 3743 445 3794 ἐπί
464 3741 631 3808 πολυτελείᾳ
650 3741 834 3806 ἐπαινεῖσθαι,
856 3741 895 3794 its
916 3759 940 3792 ν.
955 3742 1068 3806 ἔπαινος
1078 3749 1194 3812 ριορίσι·
1213 3745 1248 3798 32
1267 3751 1295 3797 et
1314 3745 1350 3796 33

399 3828 436 3881 in.
463 3829 577 3881 turbata
600 3828 703 3892 omnim
735 3835 839 3897 quanto
862 3831 1017 3900 simplicior
1041 3833 1178 3886 sententia
1203 3832 1300 3886 luisset
1325 3834 1350 3887 εί

401 3919 493 3982 βούλει
513 3921 606 3982 καλῶς
624 3917 807 3980 ἐπαινεῖσθαι,
828 3919 864 3982 μή
885 3919 962 3984 Ζήτει
979 3921 1048 3982 μετά
1068 3921 1248 3986 πολυτελείας
1261 3925 1312 3987 Ζήν
1329 3918 1343 3992 Ι

400 4007 435 4058 34
455 4007 557 4072 μέτρον
577 4007 651 4060 ἔστω
670 4021 715 4059 σοι
735 4001 838 4060 sillia.
857 4008 892 4059 40
905 4011 916 4072 Ι)
929 4009 1062 4074 ἔκπλησις
1083 4009 1158 4062 Hier.
1169 4009 1254 4074 Woll,
1274 4016 1349 4063 certe

401 4097 537 4159 ἔμπλησις
563 4111 617 4146 non
644 4100 709 4162 apte
738 4095 852 4162 dietnrn,
881 4095 928 4148 sed
954 4113 1009 4148 non
1035 4097 1127 4164 aptius
1146 4101 1220 4162 όψον
1241 4099 1349 4163 οὐτὴἡ

400 4185 488 4249 ὄρεξις
508 4191 519 4243 ΙΙ
539 4183 626 4250 δεήσῃ
647 4181 691 4234 Tr.
711 4183 722 4249 Ι)
741 4189 821 4250 ποτῷ
841 4200 872 4237 τε
889 4189 931 4251 τῷ
951 4203 978 4237 π.
1000 4185 1025 4237 ἀ.
1045 4185 1160 4238 liberius
1180 4185 1306 4239 additum
1330 4182 1344 4256 Ι

400 4272 435 4324 :lo
455 4271 627 4337 πολυτελεῖς]
649 4273 794 4335 άνειμένας
812 4271 859 4324 Ττ.
880 4271 914 4325 of.
925 4273 958 4325 41
979 4272 990 4338 ΙΙ
1008 4274 1122 4336 ἡδονῶν
1140 4273 1176 4327 cl.
1196 4275 1231 4326 :34
1252 4273 1264 4343 Ι)
1289 4275 1349 4339 βλά-

400 4375 527 4413 πτωνται
546 4357 597 4410 Ml:
627 4360 797 4422 βλάπτονται
817 4359 903 4426 ΑΤτ.;
932 4362 966 4413 do
986 4363 1083 4415 ἔπειτα
1102 4363 1137 4416 ci.
1157 4365 1173 4412 n
1195 4363 1233 4430 (et
1253 4363 1348 4416 eodeni

400 4453 540 4502 structura
555 4447 628 4499 idem
639 4447 754 4500 verbum
769 4449 956 4514 ταράττεσθαι
971 4451 1106 4511 recurrit),
1117 4451 1206 4504 soluit
1219 4453 1266 4505 ίνα
1280 4452 1350 4517 μήτε

400 4537 428 4590 ol
449 4541 537 4603 ψυχαί
556 4539 760 4603 ταράττυινται,
785 4537 854 4603 μήτε
873 4538 908 4590 τό
930 4539 1050 4603 σώματα
1070 4539 1261 4602 βλάπτωνται;
1287 4557 1350 4592 oum

401 4625 477 4678 aliud
496 4627 703 4692 interposuerit.
729 4627 781 4679 hoc
807 4627 988 4696 amplificavit
1007 4645 1078 4680 nova
1098 4645 1187 4698 neque
1207 4629 1350 4696 aptissima

401 4715 533 4768 antithesi
552 4720 707 4781 τρυφῶντα
727 4718 776 4780 μέν
797 4715 955 4781 παραυτίκα
968 4745 998 4752 -
1010 4721 1152 4769 νοσοῦντα
1170 4717 1200 4768 δὲ
1216 4717 1349 4780 είσαὺθις;

402 4803 462 4856 ἐπεί
485 4820 529 4855 τοι
554 4803 724 4866 βλάπτονται
748 4801 843 4856 laeobs
864 4804 938 4871 quod
963 4820 1121 4856 asermone
1141 4803 1229 4856 nostri
1249 4802 1350 4855 abhor-

402 4897 469 4958 ret);
496 4891 591 4944 similis
616 4891 751 4959 snpientia
778 4891 844 4943 nt?
885 4888 899 4962 Ι
942 4891 977 4943 :st
1001 4891 1087 4960 σιτία]
1112 4893 1199 4956 μόνον
1224 4891 1350 4944 consulto

402 4979 448 5032 Tr.
468 4983 479 5046 Ι)
502 4983 601 5046 ἐπαινῇ
620 4979 737 5032 ridicule
757 4979 871 5046 dictum,
891 4980 938 5032 sed
958 4997 1012 5032 nnn
1033 4980 1235 5046 temptandum,
1256 4979 1350 5048 agitur

401 5071 463 5134 περί
484 5073 535 5120 τοὺ
555 5069 599 5122 ἐπί
615 5073 711 5134 τροφῇ
731 5070 873 5131 ὑψοῦσθαι
888 5069 941 5128 (32)
958 5073 986 5120 et
1005 5069 1154 5135 respicitur
1171 5067 1205 5119 sd
1225 5068 1260 5119 33
1281 5067 1349 5131 μετά

401 5157 583 5220 πολυτελείας
603 5157 783 5220 ἐπαινεῖσθαι,
803 5161 924 5208 ceternrn
945 5157 1071 5223 sequitur
1091 5161 1220 5222 συνεκρεῖ
1240 5157 1256 5207 ό
1276 5155 1349 5208 έπαι·

402 5263 450 5308 νος
470 5247 539 5310 wll
560 5247 591 5297 δέ
610 5285 633 5296 ..
652 5247 727 5308 μένει
748 5244 775 5310 ti.
796 5261 817 5296 e.
838 5245 918 5308 τέλος
935 5285 957 5296 ..
974 5246 1087 5308 ἔπαινος
1106 5245 1214 5310 ἀληθής
1233 5241 1267 5295 ri.
1287 5243 1349 5309 33):

401 5334 496 5402 πιαίνῃ
516 5351 577 5387 oum
598 5333 669 5384 llas.
688 5333 749 5386 edd.
772 5321 849 5396 male,
876 5339 906 5385 ut
925 5333 1020 5385 eodeni
1040 5334 1149 5386 ratione
1169 5349 1218 5401 pro
1238 5334 1254 5386 ό
1273 5333 1349 5384 ἐπαι-

400 5424 460 5490 νος)
482 5425 521 5486 ῶς
539 5425 555 5474 δ
575 5423 641 5488 ῥοὺς
661 5421 706 5473 Ττ.
733 5425 744 5484 ΙΙ
773 5421 808 5474 τά
828 5423 858 5474 ἐν
876 5427 911 5488 τῇ
931 5424 1031 5488 γαστρί
1051 5421 1125 5475 σιτία
1144 5427 1261 5489 propter
1280 5421 1297 5484 ἡ
1318 5421 1348 5472 ἐν

401 5516 436 5578 τῇ
454 5517 531 5576 ψυχῇ
552 5510 691 5576 εὐφρασία
710 5510 743 5562 cl'.
764 5509 806 5562 ⁶22.
826 5509 858 5561 41
886 5511 897 5575 Ι)
923 5509 1062 5576 εύφρασία
1082 5509 1115 5562 cl.
1134 5509 1168 5560 δι’)
1186 5509 1313 5574 λαμπρὰς
1338 5507 1351 5575 Ι)

402 5601 453 5652 κᾶν
473 5602 490 5664 ἡ
511 5601 587 5664 ψυχή
608 5602 733 5666 χωρισθῇ
754 5599 824 5650 dixit
849 5605 877 5649 ιιί
893 5597 999 5666 aliquid
1019 5601 1173 5666 opponeret
1192 5596 1349 5662 (tolerabile

1459 955 1543 1018 πολὺ
1566 955 1698 1034 οίχεται,

1460 1065 1480 1144 ἡ
1498 1067 1533 1128 δὲ
1550 1064 1629 1142 όργὴ
1647 1065 1770 1128 ἐνδῦσα
1784 1071 1823 1146 τῇ
1845 1069 1933 1144 ψυχῇ
1956 1063 2008 1126 έπῖ
2026 1063 2065 1128 τό
2081 1062 2238 1143 μήκιστον
2254 1061 2358 1138 μένει·

1460 1173 1575 1238 σκόπει
1604 1176 1786 1254 τοιγαροῦν,
1819 1171 1910 1252 όπως
1943 1174 1983 1249 μὴ
2012 1171 2064 1235 ὑπ’
2088 1170 2189 1249 ὀργῇς
2212 1169 2359 1248 ἐξαχθείς

1460 1283 1537 1359 τοὺς
1552 1281 1790 1358 δαιτυμόνας
1808 1283 1993 1358 πολυτελῶς
2015 1280 2158 1361 ὑβρίσῃς,
2181 1278 2263 1342 ἀλλὰ
2279 1280 2359 1354 μάλ-

1457 1395 1516 1454 λον
1538 1395 1605 1467 μεθ’
1628 1389 1826 1467 ἡμερότητος
1850 1391 1990 1468 εὐτελῶς
2014 1387 2188 1470 εὐφρόνης.

1394 1530 1433 1586 θθ
1458 1522 1599 1600 Αἰσχρὸν
1622 1522 1690 1598 τοῖς
1705 1524 1769 1584 τῶν
1793 1523 1946 1599 μελιττῶν
1969 1519 2135 1597 δωρήμασι
2158 1519 2358 1596 γλυκάζοντα

1459 1633 1518 1708 τὴν
1542 1629 1762 1693 κατάποσιν
1788 1631 1826 1693 τό
1855 1634 1920 1692 τῶν
1943 1634 2028 1692 θεῶν
2054 1631 2162 1707 δῶρον
2184 1629 2358 1708 πικράζειν,

1459 1741 1516 1803 τόν
1541 1740 1649 1816 λόγον,
1672 1744 1710 1821 τῇ
1734 1739 1835 1820 κακίᾳ.

1702 1883 1803 1958 ντοῖς
1819 1881 1972 1958 σιτίοις,
1997 1881 2089 1960 ὅπως
2105 1896 2160 1944 σοι
2175 1880 2204 1943 οῖ
2221 1879 2356 1957 ὑπουρ-

1459 1993 1639 2066 γούντες
1662 1991 1701 2066 μὴ
1724 1990 1856 2066 πλείους
1876 1993 1940 2053 τῶν
1962 1989 2234 2068 ὑπουργουμένων
2258 1987 2358 2066 ὑπάρ-

1460 2113 1575 2176 χωσιν·
1606 2097 1729 2162 ἄτοπον
1749 2099 1810 2176 γάρ
1833 2099 1956 2176 όλίγαις
1978 2100 2109 2177 στιβάσι
2132 2101 2255 2176 πολλὰς
2280 2103 2357 2162 δου-

1459 2209 1564 2272 λεύειν
1588 2208 1702 2286 ψυχάς.

1399 2363 1436 2420 41
1461 2359 1614 2437 Ἄριστον
1637 2359 1704 2438 μέν,
1739 2357 1765 2421 εἰ
1788 2357 1847 2421 κάν
1875 2361 1945 2434 ταῖς
1967 2361 2188 2435 παρασκευαῖς
2213 2377 2361 2436 χειρουρ-

1461 2471 1527 2540 γῶν
1561 2467 1619 2530 κάν
1648 2471 1718 2545 ταῖς
1751 2470 1888 2544 τροφαῖς
1920 2465 2158 2544 ἑστιώμενος
2192 2471 2362 2544 κοινωνεῖς

1463 2581 1531 2656 τοῖς
1549 2578 1769 2654 θεραπεύουσι
1789 2581 1854 2641 τῶν
1867 2576 2052 2654 παρόντων·

1464 2683 1545 2748 εἰδὲ
1568 2687 1604 2749 τό
1628 2685 1754 2749 τοιόνδε
1777 2685 1934 2762 δυσχερές
1958 2690 2002 2766 τῷ
2028 2689 2126 2766 καιρῷ
2150 2683 2295 2762 ὑπάρχοι,

1463 2795 1619 2870 μέμνησο,
1632 2793 1681 2856 ὅτι
1694 2792 1734 2869 μὴ
1748 2791 1877 2866 κάμνων
1888 2791 1950 2854 ὑπό
1963 2791 2151 2869 καμνόντων
2167 2793 2361 2877 ὑπουργῇ,

1464 2903 1582 2964 ἐσθίων
1598 2902 1658 2964 ὑπὸ
1675 2903 1714 2978 μή
1732 2901 1918 2978 ἐσθιόντων,
1937 2901 2037 2964 πίνων
2053 2902 2115 2964 ὑπὸ
2132 2903 2172 2979 μή
2188 2902 2366 2978 πινόντων,

1462 3014 1569 3075 λαλῶν
1588 3011 1649 3075 ὑπὸ
1671 3010 1878 3084 σιωπώντων,

1463 3121 1631 3199 ἀνειμένος
1656 3119 1717 3182 ὑπὸ
1742 3121 2021 3199 συνεσταλμένων,

1462 3231 1514 3292 καί
1536 3227 1610 3293 οὐτε
1632 3229 1730 3307 αὐτὸς
1752 3231 1941 3308 ψλεγμήνας
1964 3228 2088 3293 ἄτοπον
2110 3228 2204 3313 πείσῃ

1464 3337 1534 3402 οὐθ’
1556 3338 1668 3417 ἕτερον
1691 3338 1847 3416 ἀγριάνας
1871 3337 2012 3416 χαλεπόν
2039 3338 2171 3421 ἐργάσῃ.

1408 3566 1430 3617 si
1450 3564 1566 3618 dixisset
1585 3567 1602 3628 ἡ
1623 3566 1653 3618 δέ
1672 3566 1702 3617 ἐν
1721 3569 1756 3630 τῇ
1776 3570 1854 3631 ψυχῇ
1875 3565 2001 3618 εὐτέλεια
2026 3567 2069 3618 καί
2089 3567 2263 3631 σωφροσύνη
2284 3567 2366 3619 ἐπαι·

1410 3671 1459 3718 νος
1468 3653 1585 3720 ἀληθής)
1599 3659 1627 3706 et
1641 3653 1782 3706 concludit
1792 3654 1837 3706 διὰ
1847 3655 1954 3717 παντός
1963 3654 2039 3718 μένει
2050 3659 2080 3706 ut
2094 3653 2128 3706 (le
2138 3654 2228 3722 glorio
2245 3661 2365 3707 aeterna

1410 3747 1554 3810 tamquam
1569 3741 1716 3794 ῖιιειύικάν
1728 3743 1744 3806 ἡ
1756 3746 1848 3806 ψ.τοὺ
1863 3743 1994 3805 σώματος
2004 3745 2139 3808 χωρισθῇ,
2156 3741 2297 3807 ἀκήρατος
2314 3760 2365 3796 au-

1411 3838 1465 3885 tem
1486 3832 1587 3884 iterum
1607 3835 1638 3882 nt
1657 3827 1690 3882 dc
1710 3831 1874 3897 εὐφροσύνῃ
1894 3828 1970 3894 (inde
1995 3829 2029 3880 :ts
2049 3831 2086 3892 μή
2106 3830 2282 3894 συγκεράσας
2303 3833 2367 3896 ἅμα

1411 3921 1500 3988 ὐργὴν
1518 3916 1684 3982 πολυτελείᾳ
1703 3921 1767 3982 πμ).
1793 3917 1841 3970 sed
1860 3917 1919 3984 ipse
1938 3933 2000 3969 curn
2022 3917 2139 3968 senserit
2158 3935 2186 3970 se
2205 3917 2366 3986 oberrnsse,

1408 4009 1442 4061 :lt
1462 4007 1556 4061 adicit.
1586 4006 1631 4057 vix
1651 4005 1724 4056 enim
1745 4005 1986 4072 interpretandum
2007 4007 2024 4070 ἡ
2046 4007 2193 4070 δὲ,κύνὴ
2214 4009 2291 4071 ψυχή
2314 4014 2364 4070 (so.

1410 4097 1525 4150 conviva
1544 4093 1580 4149 cf.
1594 4095 1640 4159 40)
1659 4093 1841 4159 ἀποχωρήσῃ,
1862 4097 1906 4145 καί
1925 4093 2084 4158 παραυτίκα
2104 4096 2148 4145 καῖ
2169 4093 2292 4158 εῖσαθθις
2313 4096 2362 4155 tol.

1408 4185 1451 4247 35)
1476 4185 1617 4249 ἀκήρατος
1639 4183 1714 4246 μένει
1738 4182 1750 4248 ΙΙ
1774 4187 1849 4246 μενεῖ
1870 4185 1903 4245 Α,
1932 4181 1967 4235 αῖ.
1986 4182 2029 4234 38.
2050 4183 2084 4234 29
2122 4179 2137 4253 ῇ
2185 4183 2218 4235 nt
2249 4185 2366 4248 ἐξέχεας

1408 4273 1451 4334 (οῖ.
1463 4272 1509 4339 59)
1529 4271 1562 4324 αῖ.
1579 4271 1613 4324 nt
1632 4275 1761 4336 συνεκρεῖ
1780 4271 1792 4335 ΙΙ
1810 4270 1855 4323 διά
1874 4273 1980 4333 παντὸς
1999 4271 2045 4335 toi.
2057 4272 2151 4334 εὐθύς)
2171 4275 2265 4336 τηρεῖς
2285 4288 2364 4324 nunc

1408 4361 1511 4413 rectius
1532 4377 1614 4428 quarn
1634 4359 1668 4411 so
1688 4361 1740 4412 κᾶν
1760 4361 1776 4424 ἡ
1797 4360 1873 4423 ψυχή
1894 4363 2019 4426 χωρισθῇ
2053 4356 2066 4430 d
2098 4361 2133 4409 :ts
2152 4359 2300 4411 conieceris
2321 4361 2364 4423 μή

1412 4449 1656 4514 συγκερασάμενος
1667 4447 1694 4511 (i.
1706 4465 1728 4498 e.
1742 4447 1919 4512 σοονίνιιίυε)
1930 4446 2018 4513 ὐργὴν
2032 4451 2099 4503 κτλ..
2115 4446 2161 4500 sed
2175 4445 2364 4513 relinquenda

1411 4540 1453 4588 est
1473 4536 1595 4589 auctoris
1615 4534 1719 4586 insulsa
1743 4537 1835 4603 imago
1858 4540 1886 4586 et
1906 4553 1967 4587 curn
1986 4536 2178 4602 προσενέγκῃς
2197 4543 2244 4589 lsc.
2265 4537 2365 4586 ronvi-

1410 4626 1462 4692 vis)
1488 4625 1543 4677 old.
1563 4623 1598 4675 :54
1626 4623 1764 4691 προσοίση
1789 4633 1815 4676 et
1840 4625 1874 4674 :ic
1894 4626 1929 4676 τὰ
1949 4626 1979 4677 ἐν
1998 4630 2034 4690 τῇ
2054 4623 2161 4688 γαστρί,
2189 4622 2288 4674 deinde
2314 4639 2366 4685 με·

1412 4717 1437 4768 τ’
1450 4716 1484 4766 ού
1505 4715 1576 4767 πολύ
1597 4713 1701 4777 οἴχεται
1716 4729 1777 4764 curn
1798 4713 1831 4764 3⁴3
1847 4719 1975 4778 συνεκρεῖ
1991 4721 2017 4764 et
2037 4713 2071 4764 tii
2091 4713 2207 4777 ἐξέχεας,
2227 4711 2367 4765 cleliam

1411 4802 1598 4868 ἐμπηδήσασα
1623 4807 1651 4852 et
1675 4802 1779 4853 trotino
1799 4803 1810 4866 )Ι
1833 4800 1921 4868 δργὴν
1941 4801 1974 4854 cf.
1995 4801 2025 4852 ll
2053 4817 2095 4853 ex.
2115 4801 2150 4852 4⁴2
2171 4800 2182 4866 Ι)
2205 4800 2367 4865 πηδήσασα

1409 4890 1500 4944 codd:
1521 4888 1686 4943 eorrllnlnr
1699 4891 1710 4956 Ι)
1724 4891 1758 4953 ἢν
1772 4890 1803 4941 δέ
1823 4890 1912 4954 όργὴν
1931 4891 2012 4952 ἐνδύς
2031 4891 2098 4956 (om.
2118 4894 2154 4954 τῇ
2174 4893 2264 4955 ψυχῇ)
2283 4887 2332 4941 Ττ.
2352 4889 2369 4958 Ι)

1409 4981 1453 5032 ἐπί
1478 4980 1512 5030 τὸ
1535 4979 1671 5042 μήκιστον
1695 4979 1769 5040 μένει
1795 4978 1857 5030 vido
1877 4983 2011 5044 ηιιιιιιίιιοι
2032 4977 2096 5030 inde
2115 4997 2131 5030 a
2155 4978 2189 5028 :to
2209 4975 2324 5028 recedat
2351 4979 2371 5045 Ι)

1408 5068 1475 5129 τοὺς
1486 5067 1655 5130 δαιτυμόνας
1667 5068 1828 5128 πολυτελῶς
1841 5065 1953 5118 brevius
1966 5065 2071 5118 dictum
2082 5069 2209 5132 tpropter
2223 5065 2369 5131 εὐτελῶς)

1408 5155 1443 5208 cl.
1454 5155 1503 5208 20·
1515 5156 1527 5220 1)
1540 5155 1684 5221 εὐφρόνης
1697 5153 1731 5207 cl.
1743 5155 1777 5206 36
1790 5155 1802 5220 1)
1815 5163 1937 5206 ceterum
1949 5154 2055 5206 :lo—38
2064 5155 2126 5219 περί
2137 5157 2230 5218 ψυχῆς
2242 5155 2288 5204 καί
2303 5157 2366 5206 σῶ-

1409 5259 1496 5308 ματος
1507 5248 1538 5294 ιιί
1548 5242 1655 5295 stt-68
1680 5238 1693 5311 Ι
1719 5243 1754 5294 39
1767 5243 1915 5309 δωρήμασι
1925 5243 2101 5307 γλυκάζοντα
2113 5271 2144 5281 -
2157 5245 2251 5308 δῶρον
2262 5245 2367 5308 πικρά·

1408 5334 1466 5386 ζειν
1476 5331 1624 5383 verborum
1636 5329 1787 5382 antithesin
1799 5337 1948 5398 utcumque
1963 5329 2050 5384 elficit
2062 5332 2073 5398 Ι)
2085 5333 2135 5384 τόν
2146 5332 2231 5396 λόγον
2242 5331 2275 5384 cf.
2287 5331 2324 5384 528
2341 5329 2359 5402 Ι

1407 5419 1443 5472 40
1462 5419 1626 5487 pronomine
1645 5432 1690 5471 σοι
1709 5419 1835 5472 abutitur
1854 5419 1888 5472 cf.
1908 5421 1942 5472 813
1962 5420 2123 5486 εὐποιήσεις
2142 5423 2177 5473 σὺ
2196 5425 2260 5488 post
2279 5419 2316 5474 85
2337 5423 2367 5475 εί

1408 5507 1553 5574 πρόκειταί
1573 5521 1618 5560 σοι
1640 5507 1650 5573 Ι)
1671 5507 1796 5576 πλείους]
1815 5510 2019 5574 πλουσιώτεροι
2029 5509 2075 5560 Tr.
2114 5505 2126 5579 ῇ
2169 5509 2200 5561 ll
2223 5507 2270 5560 Tr.
2283 5509 2366 5563 solus

1408 5596 1520 5650 exhibet
1541 5603 1578 5661 (ot
1598 5596 1616 5648 S
1637 5603 1710 5663 rec),
1730 5596 1793 5648 inde.
1812 5597 1892 5663 plura
1914 5597 2085 5650 emendanda
2118 5600 2130 5662 1)
2162 5599 2271 5660 ἐντοῖς
2294 5613 2369 5664 τρο-
